@inproceedings{packrat-parsing:icfp02,
  title = {Packrat Parsing: Simple, Powerful, Lazy, Linear Time},
  author = {Bryan Ford},
  booktitle = POT # { 2002 } # ICFP,
  year = {2002},
  month = oct,
}

@misc{Varda2008,
  author = {Varda, Kenton},
  month = jun,
  title = {Protocol Buffers: Google's Data Interchange Format},
  note = {\url{http://google-opensource.blogspot.com/2008/07/protocol-buffers-googles-data.html}},
  year = 2008,
}

@article{mccann2000packet,
  title={Packet types: abstract specification of network protocol messages},
  author={McCann, Peter J and Chandra, Satish},
  journal={ACM SIGCOMM Computer Communication Review},
  volume={30},
  number={4},
  pages={321--333},
  year={2000},
}
@mastersthesis{ford2002packrat,
  title={Packrat parsing: a practical linear-time algorithm with backtracking},
  author={Ford, Bryan},
  year={2002},
  school={Massachusetts Institute of Technology}
}
@book{burge1975recursive,
  title={Recursive programming techniques},
  author={Burge, William H},
  year={1975},
  publisher={Addison-Wesley Reading}
}

@Misc{bogk-pdf,
  author =    {Bogk, Andreas},
  title =     {Certified programming with dependent types},
  month =     aug,
  year =      {2011},
  howpublished = {Chaos Communication Camp},
  note = {\url{http://www.youtube.com/watch?v=CmPw7eo3nQI}}
}

@inproceedings{bohannon2006relational,
  title={Relational lenses: a language for updatable views},
  author={Bohannon, Aaron and Pierce, Benjamin C and Vaughan, Jeffrey A},
  crossref = {PODS06},
  pages={338--347},
}

@inproceedings{ragel-paper,
 author = {Thurston, Adrian D.},
 title = {Parsing Computer Languages with an Automaton Compiled from a Single Regular Expression},
 booktitle = {Proceedings of the 11th International Conference on Implementation and Application of Automata},
 year = {2006},
 address = {Taipei, Taiwan},
 pages = {285--286},
} 
@techreport{leijen2001parsec,
  title={Parsec: Direct style monadic parser combinators for the real world},
  author={Leijen, Daan and Meijer, Erik},
  year={2001},
  institution={Technical Report UU-CS-2001-27, Department of Computer Science, Universiteit Utrecht}
}

@inproceedings{evaders6,
  author =    {{Team Evaders}},
  title =     {Swiping Through Modern Security Features},
  booktitle = POT # {HITB Amsterdam},
  month = apr,
  year =      {2013},
}

@misc{saurik-masterkey,
  author = {Freeman, Jay},
  title = {Exploit (\& Fix) {Android} ``Master Key''}, 
  year = {2013},
  note = {\url{http://http://www.saurik.com/id/17}},
}
@misc{saurik-masterkey2,
  author =       {Freeman, Jay},
  title =        {Yet Another {Android} Master Key Bug},
  year =         {2013},
  note =      {\url{http://www.saurik.com/id/19}},

}

@inproceedings{shotgun-parser,
  author =       {Bratus, Sergey and Patterson, Meredith L. and Hirsch, Dan },
  title =        {From ``Shotgun Parsers'' to more secure stacks},
  booktitle = {Shmoocon},
  month = nov,
  year =      {2013},

}

@misc{once-upon-a-free,
  author =    {anonymous author},
  title =     {{Once upon a free()}},
  howpublished = {{\it Phrack} 57:9},
  note =      {\url{http://phrack.org/issues.html?issue=57&id=9}}}


@Book{intelmanual,
  publisher   =     {{Intel Corporation}},
  title =        {{Architectures Software Developer Manuals}},
  year =         {2013}
}



@article{vudo-malloc,
  author = {Michel Kaempf},
  title = {Vudo malloc tricks},
  journal = {Phrack Magazine},
  volume = 11,
  number = 57,
  note = {\url{http://phrack.org/issues/57/8.html}},
  year = 2001,
  month = nov,
}

@article{jp-advanced,
  author = {jp},
  title = {Advanced {D}oug {L}ea's malloc exploits},
  journal = {Phrack Magazine},
  volume = 11,
  number = 61,
  note = {\url{http://phrack.org/issues/61/6.html}},
  year = 2003,
  month = aug,
}

@inproceedings{RockSalt,    
  author    = {Greg Morrisett and
               Gang Tan and
               Joseph Tassarotti and
               Jean-Baptiste Tristan and
               Edward Gan},
  title     = {{RockSalt: Better, Faster, Atronger SFI for the x86}},
  booktitle = {PLDI},
  year      = 2012,
  pages     = {395-404},
  ee        = {http://doi.acm.org/10.1145/2254064.2254111},

  bibsource = {DBLP, http://dblp.uni-trier.de}
}

@InBook{oisc-book,
 author = {Gilreath, William F. and Laplante, Phillip A.},
 title = {{Computer Architecture: A Minimalist Approach}},
 year = 2003,
 isbn = 1402074166,
 publisher = {{Kluwer Academic Publishers}},
 address = {Norwell, MA, USA},
 chapter = {6},
 pages = {41}

} 

@article{sassaman:formal-languages,
  title={{Towards a Theory of Computer Insecurity: a Formal Language-Theoretic Approach}},
  author={Len Sassaman and Meredith L. Patterson and Sergey Bratus and Michael E. Locasto},
  journal={{IEEE Systems Journal, special issue Security and Privacy in Complex Systems}},
  editors={Sushil Jajodia and Pierangela Samarati},
  year=2011
}

@inproceedings{paleari2009redpill,
  title={{A Fistful of Red Pills: How to Automatically Generate Procedures to Detect CPU Emulators}},
  author={Paleari, Roberto and Martignoni, Lorenzo and Roglia, Giampaolo Fresi and Bruschi, Danilo},
  booktitle={{Proceedings of the 3rd USENIX conference on Offensive technologies}},
  pages={2--2},
  year=2009,
  organization={{USENIX Association}}
}

@TechReport{gera:exploits-writing,
  author =       {Gerardo Richarte},
  title =        {{About Exploits Writing}},
  institution =  {{Core Security Technologies}},
  year =         2002,
  address =   "\url{http://corelabs.coresecurity.com/index.php?module=Wiki&action=attachment&type=researcher&page=Gerardo_Richarte&file=publication%2FAbout_Exploits_Writing%2F2002.gera.About_Exploits_Writing.pdf}",
  note = {[Title as indicated.]} 
}


@Manual{pax:pageexec,
  title =        {{PAGEEXEC}},
  organization = {{PaX Team}},
  address =   {\url{http://pax.grsecurity.net/docs/pageexec.old.txt}},
  year =      {2003}
}

@Manual{pax:pageexec-plex86,
  title =        {{PAGEEXEC implementation}},
  organization = {{PaxTeam}},
  address =   {\url{http://pax.grsecurity.net/docs/pageexec.old.txt}},
  year =      2000
}
@inproceedings{oakley:woot,
 author = {James Oakley and Sergey Bratus},
 title = {{Exploiting the Ward-working DWARF: Trojan and Exploit Techniques with no Native Executable Code}},
 booktitle = {{Proceedings of the 5th USENIX conference on Offensive technologies}},
 series = {{WOOT'11}},
 year = 2011,
 location = {San Francisco, CA},
 pages = {11--11},
 numpages = 1,
 url = {http://dl.acm.org/citation.cfm?id=2028052.2028063},
 acmid = 2028063,
 publisher = {{USENIX Association}},
 address = {Berkeley, CA, USA},
} 


@Article{skape:locreate,
  author =       {Skape},
  title =        {{LOCREATE: an Anagram for Relocate}},
  journal =      {Uninformed},
  year =         {2007},
  volume =    {6},
 note = "\url{http://uninformed.org/?v=6&a=3&t=pdf}"
}


@InProceedings{ollybone,
  author =       {Joe Stewart},
  title =        {{OllyBone: Semi-Automatic Unpacking on IA-32}},
  booktitle = {{DEFCON 14}},
  year = {2006}
}

@InProceedings{bx:elfbf,
  author = {{Rebecca  Shapiro}},
  title = {{Programming Weird Machines with ELF Metadata}},
  booktitle = {{DEFCON 20}},
  year = {2012}
}
@InProceedings{shadowwalker,
  author = {Sherri Sparks and Jamie Butler},
  title = {{ShadowWalker: Raising the Bar for Rootkit detection}},
  booktitle = {{DEFCON 13}},
  year = {2005}
}
@InProceedings{bratus:rss09,
 author = {Sergey Bratus},
 title = {{What Hacker Research Taught Me}},
 booktitle = {{RSS}},
 year = {2009},
 note = "\url{http://www.cs.dartmouth.edu/~sergey/hc/rss-hacker-research.pdf}"
}
@InProceedings{halvar:weird-machines,
 author = {Thomas Dullien},
 title = {{Exploitation and State Machines: Programming the ‘Weird
Machine,’ Revisited}},
 booktitle = {Infiltrate},
 year = {2011},
 month = {April},
 note = "\url{http://www.immunityinc.com/infiltrate/2011/presentations/Fundamentals_of_exploitation_revisited.pdf}"
}

@article{bratus2011exploit,
  title={Exploit Programming: From Buffer Overflows to Weird Machines and Theory of Computation},
  author={Bratus, Sergey and Locasto, Michael E and Patterson, Meredith L and Sassaman, Len and Shubina, Anna},
  journal={;login: The Magazine of Usenix \& Sage},
  pages={13--21},
  year={2011},
  month = dec,
  volume = 36,
  number = 6,
}
@inproceedings{heiderich:stealing-the-pie,
  title={{Scriptless Attacks: Stealing the Pie without Touching the Sill}},
  author={Heiderich, Mario and Niemietz, Marcus and Schuster, Felix and Holz, Thorsten and Schwenk, J{\"o}rg},
  booktitle={{Proceedings of the 2012 ACM conference on Computer and communications security}},
  pages={760--771},
  year={2012},
  organization={ACM}
}

@inproceedings{heiderich:mxss-syscan,
 title = {{The innerHTML Apocalypse - How mXSS
attacks change everything we believed we knew so far}},
 author= {Heiderich, Mario},
 booktitle = {{SysCan conference}},
 year = {2013}
}
@inproceedings{wang:ad-hoc-data,
author = {Wang, Yan and Gaspes, Veronica},
booktitle = {{Implementation and Application of Functional Languages}},
institution = {Halmstad University, Embedded Systems (CERES)},
pages = {16},
pages = {174--191},
title = {{A Library for Processing Ad hoc Data in Haskell : Embedding a Data Description Language}},
series = {{Lecture Notes in Computer Science}},
number = {5836},
year = {2011}
}


@inproceedings{bogk:dylan-macros,
  author = 	 {Hannes Mehnert and Andreas Bogk},
  title = 	 {{A Domain-Specific Language for manipulation of binary data in Dylan}},
  booktitle = {{International Lisp Conference}},
  year = 	 2007,
  note = 	 {\url{http://www.itu.dk/~hame/ilc07-final.pdf}}}

@misc{boost-spirit,
  author = {Joel de Guzman and Hartmut Kaiser},
  title = {Boost {Spirit} 2.5.2},
  note = {\url{http://www.boost.org/doc/libs/1_55_0/libs/spirit/doc/html/}},
  month = oct,
  year = 2013,
}

@TechReport{protos-c10-archive,
  author =       {{PROTOS Project Consortium}},
  title =        {{PROTOS} Genome Test Suite c10-archive},
  institution =  {University of Oulu},
  year =         {2007},
  note =      {\url{https://www.ee.oulu.fi/research/ouspg/PROTOS_Test-Suite_c10-archive}},
}

@misc{hammer-parser,
  author = {Meredith Patterson and Dan Hirsch},
  title = {Hammer Parser generator},
  note = {\url{https://github.com/UpstandingHackers/hammer}},
  month = mar,
  year = 2014
}

@misc{cve-database,
  author = {{MITRE Corporation}},
  title = {Common Vulnerabilities and Exposures ({CVE})},
  note = {\url{http://http://cve.mitre.org/}},
}

@misc{infozip,
  author = {Greg Roelofs},
  title =     {InfoZIP},
  note =      {\url{http://www.info-zip.org/}},
}
@misc{sloccount,
  title = {SLOCCount},
  author = {Wheeler, David A.},
  note = {\url{http://www.dwheeler.com/sloccount/}},
}


@InProceedings{wolf:berlinsides-zip,
  author =       {Wolf, Julia},
  title =        {Stupid ZIP file tricks!},
  booktitle = {BerlinSides 0x7DD},
  year =      {2013},
}

@InProceedings{ANSSI:parsifal,
  author =       {Levillain, Olivier},
  title =        {Parsifal: a Pragmatic Solution to the Binary Parsing Problem},
  booktitle = POT # {1st Workshop on Language-Theoretic Security (LangSec)},
  pages = {191--197},
  month = may,
  year = 2014,
  address = {San Jose, CA},
}

@Manual{pkzip,
  title =        {.ZIP File Format Specification},
  author =    {{PKWARE, Inc.}},
  edition =   {6.3.3 },
  month =     sep,
  year =      {2012},
  note =      {\url{http://www.pkware.com/documents/casestudies/APPNOTE.TXT}},
}
@Manual{golang,
  title = {The Go Programming Language},
  author = {{Google, Inc.}},
  month = may,
  year = 2014,
  note = {\url{http://golang.org/doc/}},
}

@misc{mspframework,
  title={The metasploit project},
  author={Moore, HD and others},
  note = {\url{http://www.metasploit.com/}},
}
@misc{bind9,
  title= {{BIND} 9 {DNS} server},
  author = {{Internet Systems Consortium}},
  note = {\url{http://www.isc.org/downloads/bind/}},
  year = 2014,
}
@misc{mongrel,
  title= {Mongrel {HTTP} server},
  author = {Shaw, Zed},
  year = {2008},
  note = {\url{http://www.rubyforge.org/projects/mongrel/}},
}

@misc{cvedetails:libpng,
  author = {{CVE Details}},
  title = {{Libpng}: Security vulnerabilities},
  year = 2014,
  note = {\url{http://www.cvedetails.com/vulnerability-list/vendor_id-7294/Libpng.html}},
}

@misc{cvedetails:zlib,
  author = {{CVE Details}},
  title = {{GNU} {Zlib}: List of security vulnerabilities},
  year = 2014,
  note = {\url{http://www.cvedetails.com/vulnerability-list/vendor_id-72/product_id-1820/GNU-Zlib.html}},
}

@misc{omg:corba,
  author = {{Object Management Group, Inc.}},
  title = {{CORBA} {FAQ}},
  note = {\url{http://www.omg.org/gettingstarted/corbafaq.htm}},
}

@misc{bangert:nail-langsec-anon,
  author = {Anonymous},
  title = {Omitted for anonymous submission},
}

@misc{djbdns,
  author = {Daniel J. Bernstein},
  title = {{djbdns}: Domain Name System tools},
  note = {\url{http://cr.yp.to/djbdns.html}},
}

@misc{python-bug:20078,
  author = {Nandiya},
  title = {{zipfile} - {ZipExtFile.read} goes into 100\% {CPU} infinite loop on maliciously binary edited zips},
  note = {\url{http://bugs.python.org/issue20078}},
  month = dec,
  year = 2013,
}

@misc{geohot-evasion,
 author= {Hotz, George},
 title = {evasi0n 7 writeup},
 note = {\url{http://geohot.com/e7writeup.html}},
}
@misc{Marlinspike:SSL,
  title={More tricks for defeating {SSL} in practice},
  author={Marlinspike, Moxie},
  year={2009},
  note = {Black Hat USA},
  howpublished = {\url{https://www.blackhat.com/presentations/bh-usa-09/MARLINSPIKE/BHUSA09-Marlinspike-DefeatSSL-SLIDES.pdf}},
}
@inproceedings{back2002datascript,
  title={DataScript - A specification and scripting language for binary data},
  author={Back, Godmar},
  booktitle=POT # { 1st ACM SIGPLAN/SIGSOFT Conference on Generative
                    Programming and Component Engineering},
  pages={66--77},
  month = oct,
  year={2002},
  address = {Pittsburgh, PA},
}

@inproceedings{Fisher:700DDL,
 author = {Fisher, Kathleen and Mandelbaum, Yitzhak and Walker, David},
 title = {The Next 700 Data Description Languages},
 crossref = {POPL06},
 pages = {2--15},
}

