
@Misc{schneier-on-snow,
  author = 	 {Bruce Schneier},
  howpublished = {\url{http://www.schneier.com/blog/archives/2010/12/brian_snow_sows.html}},
  month = 	 {December},
  year = 	 2010}

@Misc{nsa-not-secure,
  howpublished = {\url{http://www.reuters.com/article/2010/12/17/us-cyber-usa-nsa-idUSTRE6BF6BZ20101217}},
  title =        {{U.S. Code-cracking Agency Works as if Compromised}},
  month = 	 {December},
  year = 	 2010}

@inproceedings{pothamsetty-akyol,
  author    = {Venkat Pothamsetty and
               Bora A. Akyol},
  title     = {{A Vulnerability Taxonomy for Network Protocols: Corresponding
               Engineering Best Practice Countermeasures}},
  booktitle = {Communications, Internet, and Information Technology},
  year      = {2004},
  pages     = {168-175},
}

@TechReport{bishop96,
  author = 	 {M. Bishop and D. Bailey},
  title = 	 {{A Critical Analysis of Vulnerability Taxonomies}},
  institution =  {Dept. of Computer Science, University of California at Davis}, 
  year = 	 1996,
  number = 	 {Technical Report CSE-96-11},
  address = 	 {Davis, CA 95616-8562}, 
  month = 	 {September}}

@Misc{halvar:infiltrate,
  author = 	 {Thomas Dullien},
  title = 	 {{Exploitation and State Machines:
                   Programming the ``Weird Machine'', revisited}},
  howpublished = {\url{http://www.immunityinc.com/infiltrate/presentations/Fundamentals_of_exploitation_revisited.pdf}},
  month = 	 {April},
  year = 	 2011,
  note = 	 {Infiltrate Conference}}

@Article{weird-machines,
  author = 	 {Sergey Bratus and Michael E. Locasto and Meredith L. Patterson and Len Sassaman and Anna Shubina},
  title = 	 {{Exploit Programming: from Buffer Overflows to ``Weird Machines'' and Theory of
       Computation}},
  journal = 	 {{;login:}},
  year = 	 2011,
  month = 	 {December},
}

@Misc{langsec-tr,
  author = 	 {Len Sassaman and Meredith L. Patterson and Sergey
                  Bratus and Michael E. Locasto}, 
  title = 	 {{Security Applications of Formal Language Theory}},
  howpublished = {\url{http://langsec.org/}}
}

@Article{login-halting-problems,
  author = 	 {Len Sassaman and Meredith L. Patterson and Sergey
                  Bratus and Anna Shubina},
  title = 	 {{The Halting Problems of Network Stack Insecurity}},
  journal = 	 {{;login:}},
  year = 	 2011,
  month = 	 {December},
}

@Misc{exploiting-forest,
  author = 	 {Len Sassaman and Meredith L. Patterson},
  title = 	 {{Exploiting the Forest with Trees}},
  howpublished = {Black Hat USA},
  month = 	 {August},
  year = 	 2010}

@Misc{pki-layer-cake,
  author = 	 {Dan Kaminsky and Len Sassaman and Meredith Patterson},
  title = 	 {{PKI Layer Cake: New Collision Attacks Against The Global X.509 CA Infrastructure}},
  howpublished = {Black Hat USA},
  month = 	 {August},
  year = 	 2009,
  note = 	 {\url{http://www.cosic.esat.kuleuven.be/publications/article-1432.pdf}}}

@Misc{guns-and-butter,
  author = 	 {Robert J. Hansen and Meredith L. Patterson},
  title = 	 {{Guns and Butter: Towards Formal Axioms of Input Validation}},
  howpublished = {Black Hat USA},
  month = 	 {August},
  year = 	 2005,
  note = 	 {\url{http://www.blackhat.com/presentations/bh-usa-05/BH_US_05-Hansen-Patterson/HP2005.pdf}}}

@TechReport{ptacek-newsham,
  author = 	 {Thomas H. Ptacek and Timothy N. Newsham},
  title = 	 {{Insertion, Evasion, and Denial of Service: Eluding Network Intrusion Detection}},
  institution =  {Secure Networks, Inc.},
  year = 	 1998,
  month = 	 {January},
  note = 	 {\url{http://insecure.org/stf/secnet_ids/secnet_ids.html}}}

@inproceedings{activemap-oak03,
  author    = {Umesh Shankar and
               Vern Paxson},
  title     = {{Active Mapping: Resisting NIDS Evasion without Altering
               Traffic}},
  booktitle = {IEEE Symposium on Security and Privacy},
  year      = 2003,
  pages     = {44-61},
}

@InProceedings{goodspeed:packet-in-packet,
  author = 	 {Travis Goodspeed and Sergey Bratus and Ricky Melgares and Rebecca Shapiro and Ryan Speers},
  title = 	 {{Packets in Packets: Orson Welles' In-Band Signaling Attacks for Modern Radios}},
  booktitle = {{5th USENIX Workshop on Offensive Technologies}},
  year = 	 2011,
  editor = 	 {David Brumley and Michal Zalewski},
  month = 	 {August},
  organization = {USENIX}}

@Article{fx:blitzableiter,
  author =       {Felix Lindner},
  title =        {{The Compromised Observer Effect}},
  journal =      {McAfee Security Journal},
  year =         2010,
  volume =       6,
  note =         {Dan Sommer (Editor)},
}

@Misc{nids-revisited,
  author = 	 {Sumit Siddharth},
  title = 	 {{Evading NIDS, revisited}},
  howpublished = {\url{http://www.symantec.com/connect/articles/evading-nids-revisited}},
  month = 	 {December},
  year = 	 2005,
  note = 	 {(updated Nov 2010)}}

