
@Misc{phrack-49:14,
  author =    {Aleph One},
  title =     {{Smashing the Stack for Fun and Profit}},
  howpublished = {Phrack 49:14},
  note =      {\url{http://phrack.org/issues.html?issue=49&id=14}}}

@Misc{phrack-58:4,
  author =    {Nergal },
  title =     {{Advanced return-into-lib(c) Exploits: the PaX Case Study}},
  howpublished = {Phrack 58:4},
  note =      {\url{http://phrack.org/issues.html?issue=58&id=4}}}

@Misc{phrack-57:8,
  author =    {MaXX},
  title =     {{Vudo malloc Tricks}},
  howpublished = {Phrack 57:8},
  note =      {\url{http://phrack.org/issues.html?issue=57&id=8}}}

@Misc{phrack-57:9,
  author =    {anonymous author},
  title =     {{Once upon a free()}},
  howpublished = {Phrack 57:9},
  note =      {\url{http://phrack.org/issues.html?issue=57&id=9}}}

@Misc{phrack-61:6,
  author =    {jp},
  title =     {{Advanced Doug Lea's malloc Exploits}},
  howpublished = {Phrack 61:6},
  note =      {\url{http://phrack.org/issues.html?issue=61&id=6}}}

@Misc{phrack-59:7,
  author =    {riq and gera },
  title =     {{Advances in Format String Exploitation}},
  howpublished = {Phrack 59:7},
  note =      {\url{http://phrack.org/issues.html?issue=59&id=7}}}

@Misc{phrack-56:9,
  author =    {klog},
  title =     {{Backdooring Binary Objects}},
  howpublished = {Phrack 56:9},
  note =      {\url{http://phrack.org/issues.html?issue=56&id=9}}}

@Misc{phrack-56:7,
  author =    {Silvio Cesare},
  title =     {{Shared Library Call Redirection via ELF PLT Infection}},
  howpublished = {Phrack 56:7},
  note =      {\url{http://phrack.org/issues.html?issue=56&id=7}}}

@Misc{grugq:cheating-the-elf,
  author =    {the grugq},
  title =     {{Cheating the ELF: Subversive Dynamic Linking to Libraries }}}

@Misc{oneill:modern-elf-injection,
  author =    {Ryan O'Neill},
  title =     {{Modern Day ELF Runtime Infection via GOT Poisoning}},
  month =     {May},
  year =      2009,
  note =      {\url{http://vx.netlux.org/lib/vrn00.html}}}

@Misc{bugtraq-2000/May/90,
  author =    {Tim Newsham},
  title =     {{non-exec stack}},
  howpublished = {Bugtraq},
  month =     {May},
  year =      2000,
  note =      {\url{http://seclists.org/bugtraq/2000/May/90} (pointed out by Dino Dai Zovi)}
}

@Misc{bugtraq-2000/Nov/32,
  author =    {Gerardo Richarte},
  title =     {{Re: Future of Buffer Overflows}},
  howpublished = {Bugtraq},
  month =     {October},
  year =      2000,
  note =      {\url{http://seclists.org/bugtraq/2000/Nov/32}}}


Ofir Arkin

@TechReport{arkin:icmp-usage-scanning,
  author = 	 {Ofir Arkin},
  title = 	 {{ICMP Usage in Scanning, The Complete Know-how}},
  institution =  {The Sys-Security Group},
  year = 	 2001,
  note = 	 {version 3.0}}

