


@Article{sassaman:patch,
  author = 	 {Len Sassaman and Meredith L. Patterson and Sergey Bratus},
  title = 	 {{A Patch for Postel's Robustness Principle}},
  journal = 	 {{submitted to IEEE Security and Privacy Journal}},
  year = 	 2011}

@Article{allman:queue,
  author = 	 {Eric Allman},
  title = 	 {{The Robustness Principle Reconsidered: Seeking a middle ground}},
  journal = 	 {ACM Queue},
  year = 	 2011,
  month = 	 {August}}

%1
@Misc{flake:weird-machines,
  author = 	 {Thomas Dullien},
  title = 	 {{Exploitation and State Machines:
                   Programming the ``Weird Machine'', revisited}},
  howpublished = {\url{http://www.immunityinc.com/infiltrate/presentations/Fundamentals_of_exploitation_revisited.pdf}},
  month = 	 {April},
  year = 	 2011,
  note = 	 {Infiltrate Conference}}

%2
@Misc{exploiting-forest,
  author = 	 {Len Sassaman and Meredith L. Patterson},
  title = 	 {{Exploiting the Forest with Trees}},
  howpublished = {Black Hat USA},
  month = 	 {August},
  year = 	 2010}

%3
@Misc{pki-layer-cake,
  author = 	 {Dan Kaminsky and Len Sassaman and Meredith Patterson},
  title = 	 {{PKI Layer Cake: New Collision Attacks Against The Global X.509 CA Infrastructure}},
  howpublished = {Black Hat USA},
  month = 	 {August},
  year = 	 2009,
  note = 	 {\url{http://www.cosic.esat.kuleuven.be/publications/article-1432.pdf}}}

@Misc{guns-and-butter,
  author = 	 {Robert J. Hansen and Meredith L. Patterson},
  title = 	 {{Guns and Butter: Towards Formal Axioms of Input Validation}},
  howpublished = {Black Hat USA},
  month = 	 {August},
  year = 	 2005,
  note = 	 {\url{http://www.blackhat.com/presentations/bh-usa-05/BH_US_05-Hansen-Patterson/HP2005.pdf}}}

%4
@Misc{meer:memory-corruption,
  author =       {Haroon Meer},
  title =        {The (Almost) Complete History of Memory Corruption Attacks },
  howpublished = {BlackHat 2010},
  month =        {Aug},
  year =         2010
}

%5
@Article{geer:vulnerable-compliance,
  author =       {Dan Geer},
  title =        {{Vulnerable Compliance}},
  journal =      {;login: The USENIX Magazine},
  year =         {2010},
  volume =       {35},
  number =       {6},
  month =        {December},
  note =         {\url{http://db.usenix.org/publications/login/2010-12/pdfs/geer.pdf}}
}

%6
@Misc{gera:primitives,
  author = 	 {Gerardo Richarte},
  title = 	 {{About Exploits Writing}},
  howpublished = {{Core Security Technologies presentation}},
  year = 	 2002}

% http://corelabs.coresecurity.com/index.php?module=Wiki&action=attachment&type=area&page=Vulnerability_Research&file=publication%2FAbout_Exploits_Writing%2F2002.gera.About_Exploits_Writing.pdf

%7
 @Misc{sotirov:feng-shui,
  author = 	 {Alexander Sotirov},
  title = 	 {{Heap Feng Shui in JavaScript}},
  howpublished = {BlackHat Europe},
  year = 	 2007,
  month =        {April},
  note = 	 {\url{http://www.blackhat.com/presentations/bh-europe-07/Sotirov/Presentation/bh-eu-07-sotirov-apr19.pdf}}}

@Article{fx:blitzableiter,
  author = 	 {Felix Lindner},
  title = 	 {{The Compromised Observer Effect}},
  journal = 	 {McAfee Security Journal},
  year = 	 2010,
  volume = 	 6,
  note = 	 {Dan Sommer (Editor)},
}

% quoted in cut text:

@TechReport{tr82,
  author = 	 {Richard A. DeMillo and Richard J. Lipton and Alan J. Perlis},
  title = 	 {{Social Processes and Proofs of Theorems and Programs}},
  institution =  {Georgia Institute of Technology, Yale University},
  year = 	 1982,
  note = 	 {\url{http://www.cs.yale.edu/publications/techreports/tr82.pdf}}}



