@Article{sassaman:patch,
  author =       {Len Sassaman and Meredith L. Patterson and Sergey Bratus},
  title =        {{A Patch for Postel's Robustness Principle}},
  journal =      {{submitted to IEEE Security and Privacy Journal}},
  year =         2011}



@article{schneider:enforceable,
 author = {Schneider, Fred B.},
 title = {{Enforceable Security Policies}},
 journal = {ACM Trans. Inf. Syst. Secur.},
 volume = {3},
 issue = {1},
 month = {February},
 year = {2000},
 issn = {1094-9224},
 pages = {30--50},
 numpages = {21},
 url = {http://doi.acm.org/10.1145/353323.353382},
 doi = {http://doi.acm.org/10.1145/353323.353382},
 acmid = {353382},
 publisher = {ACM},
 address = {New York, NY, USA},
 keywords = {EM security policies, SASI, inlined reference monitors, proof carrying code, safety properties, security automata, security policies},
} 

@INPROCEEDINGS{garfinkel:traps,
    author = "Tal Garfinkel",
    title = {{Traps and Pitfalls: Practical Problems in System Call
    Interposition based Security Tools}},
    booktitle = {{Proc. Network and Distributed Systems
    Security Symposium}},
    month = "February",
    year = 2003
}

@inproceedings{closedworld,
 author = "R. Sommer and V. Paxson", 
 title = {{Outside the Closed World: on Using Machine Learning for Network Intrusion Detection}}, 
 booktitle = "Proc. IEEE Symposium on Security and Privacy", 
 month = "May",
 year = "2010"
}

@inproceedings{patel2010,
  author = "Nilay Patel",
  title = {{Botched McAfee Update Shutting Down Corporate XP Machines Worldwide}},
  year = "2010",
  booktitle = "\url{http://www.engadget.com/2010/04/21/mcafee-update--shutting-down-xp-machines/}"
}

@inproceedings{maggi2009webapp,
  title = {{Protecting a Moving Target: Addressing Web Application Concept Drift}},
  author = "F. Maggi and W. Robertson and C. Kruegel and G. Vigna.",
  booktitle = "Proceeding of the $12^{th}$ International Symposium On Recent Advances In Intrusion Detection",
  year = "2009"
}

@inproceedings{li2009raid,
  title = {{Automatically Adapting a Trained Anomaly Detector to Software Patches}},
  author = "P.Li and D. Gao and M. Reiter",
  booktitle = "Proceeding of the $12^{th}$ International Symposium On Recent Advances In Intrusion Detection",
  year = "2009"
}

@inproceedings{stavrou2009aisec,
  title = {{Keep Your Friends Close: The Necessity for Updating an Anomaly Sensor with Legitimate Environment Changes}},
  author = "Angelos Stavrou and Gabriela F. Cretu-Ciocarlie and Michael E. Locasto and Salvatore J. Stolfo",
  booktitle = "Proceedings of the $2^{nd}$ Workshop on Artificial Intelligence and Security",
  year = "2009"
}

@inproceedings{cretu2009adaptive,
  title = {{Adaptive Anomaly Detection via Self-Calibration and Dynamic Updating.}},
  author = "Gabriela F. Cretu-Ciocarlie and Angelos Stavrou and Michael E. Locasto and Salvatore J. Stolfo",
  booktitle = "Proceedings of the $12^{th}$ International Symposium on Recent Advances in Intrusion Detection",
  month = "September",
  year = "2009" 
}

@inproceedings{katana2010,
  title = {{Katana: A Hot Patching Framework for ELF Executables}},
  author = "Ashwin Ramaswamy and Sergey Bratus and Michael E. Locasto and Sean W. Smith", 
  booktitle = "The $4^{th}$ International Workshop on Secure Software Engineering (SecSE 2010), held in conjunction with ARES 2010", 
  month = "February", 
  days = "15-18", 
  year = "2010",
  city = "Krakow", 
  country = "Poland"
}

@article{symantec.pulls.patch,
 author = "Elinor Mills",
 title = {{Symantec Pulls Norton Patch After Error Reports}},
 journal = "CNET News: Insecurity Complex",
 howpublished = "\url{http://news.cnet.com/8301-27080_3-10317686-245.html}",
 month = "August",
 year = "2009"
}

@book{change.IA,
 author = {Arnold, Robert S.},
 title = {Software Change Impact Analysis},
 year = {1996},
 isbn = {0818673842},
 publisher = {IEEE Computer Society Press},
 address = {Los Alamitos, CA, USA},
 }

@article{firefox_ccr_2009,
	author = {Stefan Frei and Thomas Duebendorfer and Bernhard Plattner},
	title = {Firefox (In) security Update Dynamics Exposed},
	journal = {SIGCOMM Comput. Commun. Rev.},
	volume = {39},
	number = {1},
	year = {2009},
	issn = {0146-4833},
	pages = {16--22},
	doi = {http://doi.acm.org/10.1145/1496091.1496094},
	publisher = {ACM},
	address = {New York, NY, USA},
}

@article{sequitur.jair,
   author = "Craig G. Nevill-Manning and Ian H. Witten",
   title = {{Identifying Hierarchical Structure in Sequences: A Linear-time Algorithm}},
   journal = "Journal of Artificial Intelligence Research",
   volume = "7",
   pages = {67-82},
   year = "1997"
}


@misc{sequitur,
 author = "Craig Nevill-Manning and Ian Witten",
 title = {{SEQUITUR: Inferring Hierarchies From Sequences}},
 note = {\url{http://sequitur.info/}},
 howpublished = {\url{http://sequitur.info/}},
 year = "2008"
}

@misc{korset,
 author = "Ohad Ben-Cohen and Avishai Wool",
 title = {{Code-based Intrusion Detection for Linux}},
 note = {\url{http://www.korset.org/}},
 howpublished = {\url{http://www.korset.org/}},
 year = "2008"
}

@misc{libanomaly,
 author = "UCSB",
 title = {{libAnomaly}},
 note = {\url{http://www.cs.ucsb.edu/~seclab/projects/libanomaly/index.html}},
 howpublished = {\url{http://www.cs.ucsb.edu/~seclab/projects/libanomaly/index.html}}
}

@misc{cesare1998,
  title = {{Runtime Kernel kmem Patching}},
  author = "Silvio Cesare",
  note = {\url{http://vx.netlux.org/lib/vsc07.html}},
  year = "1998"
}

@misc{nonLKMkernpatch,
  title = {{Linux On-the-fly Kernel Patching without LKM}},
  author = "sd",
  note = {\url{http://doc.bughunter.net/rootkit-backdoor/kernel-patching.html}}
}

@article{exterminator2008cacm,
 author = {Novark,, Gene and Berger,, Emery D. and Zorn,, Benjamin G.},
 title = {Exterminator: Automatically Correcting Memory Errors with High Probability},
 journal = {Commun. ACM},
 volume = {51},
 number = {12},
 year = {2008},
 issn = {0001-0782},
 pages = {87--95},
 doi = {http://doi.acm.org/10.1145/1409360.1409382},
 publisher = {ACM},
 address = {New York, NY, USA},
 }

@inproceedings{weimer2009genetic,
  title = {{Automatically Finding Patches Using Genetic Programming}},
  author = "Westley Weimer and ThanVu Nguyen and Claire Le Goues and Stephanie Forrest",
  booktitle = "International Conference on Software Engineering (ICSE)",
  year = "2009"
}

@inproceedings{locasto2008bloodhound,
  author = "Michael E. Locasto and Matthew Burnside and Angelos D. Keromytis",
  title = {{Online Network Forensics for Automatic Repair Validation}},
  booktitle = "Proceedings of the International Workshop on Security (IWSEC)",
  year = "2008"
}

@inproceedings{deltaexec,
  title = {{Delta Execution for Software Reliability}},
  author = "Yuanyuan Zhou and Darko Marinov and William Sanders and Craig 
            Zilles and Marcelo d'Amorim and Steven Lauterburg and Ryan M. 
            Lefever and Joe Tucek",
  booktitle = "Proceedings of the Third Workshop on Hot Topics in System Dependability (HotDep'07)",
  month = "June",
  year = "2007"
}

@inproceedings{ammons1998pathprofiles,
 author = "Glenn Ammons and James Larus",
 title = {{Improving Data-flow Analysis with Path Profiles}},
 booktitle = "PLDI",
 month = "June",
 year = "1998"
}

@inproceedings{brumley2008exploitgen,
  title = {{Automatic Patch-Based Exploit Generation is Possible: Techniques and Implications}},
  author = "David Brumley and Pongsin Poosankam and Dawn Song and Jiang Zheng",
  booktitle = "Proceedings of the IEEE Symposium on Security and Privacy",
  year = "2008"
}

@inproceedings{cretu2008stand,
  title = {{Casting Out Demons: Sanitizing Training Data for Anomaly Sensors}},
  author = "Gabriela F. Cretu and Angelos Stavrou and Michael E. Locasto and Angelos D. Keromytis and Salvatore J. Stolfo",
  booktitle = "Proceedings of the IEEE Symposium on Security and Privacy",
  year = "2008"
}

@inproceedings{aviv2007ssares,
  title = {{SSARES: Secure Searchable Automated Remote Email Storage}},
  author = "Adam J. Aviv and Michael E. Locasto and Shaya Potter and Angelos D. Keromytis",
  booktitle = "Proceedings of the $23^{rd}$ Annual Computer Security Applications Conference (ACSAC)",
  month = "December",
  year = "2007"
}

@book{firewalls1edition,
  title = {{Firewalls and Internet Security: Repelling the Wily Hacker}},
  author = "William R. Cheswick and Steven M. Bellovin",
  publisher = ""
}

@inproceedings{berferd,
  title = {{An Evening with Berferd, in Which a Cracker is Lured, Endured, and Studied.}},
  author = "Bill Cheswick",
  booktitle = "Proceedings of the Winter USENIX Conference",
  city = "San Francisco",
  state = "CA",
  month = "January",
  year = "1992",
  availablefrom = {\url{ftp.research.att.com/dist/internet_security/berferd.ps}}
}

@article{stoll1988stalk,
  title = {{Stalking the Wily Hacker}},
  author = "Cliff Stoll",
  journal = "Communications of the ACM",
  volume = "31",
  number = "5",
  pages = "484",
  month = "May",
  year = "1988"
}

@article{carin08quantitative,
 title = {{Quantitative Evaluation of Risk for Investment Efficient Strategies in Cybersecurity: The QuERIES Methodology}},
 author = "Lawrence Carin and George Cybenko and Jeff Hughes",
 journal = "To appear in IEEE Computer",
 year = "2008",
}

@article{payne1992decisions,
 title = {{Behavioral Decision Research: A Constructive Processing Perspective}},
 author = "John W. Payne and James R. Bettman and Eric J. Johnson",
 journal = "Annual Review of Psychology",
 year = "1992",
 volume = "43",
 pages = {88--131}
}

@article{campos2006earwitness,
  title = {{Remembering a Criminal Conversation: Beyond Eyewitness Testimony}},
  author = "Laura Campos and Mar\'{i}a L. Alonso-Quecuty",
  journal = "Memory",
  year = "2006",
  volume = {14},
  number = {1},
  pages = {27--36}
}

@article{wells2003eyewitness,
  title ={{Eyewitness Testimony}},
  author = "Gary L. Wells and Elizabeth A. Olson",
  journal = "Annual Review of Psychology",
  volume = "54",
  pages = {277--295},
  year = "2003"
}

@inproceedings{grizzard2004tow,
   publisher = {IEEE},
   author = {Julian B. Grizzard and Sven Krasser and Henry L. Owen and Eric R. Dodson and Gregory J. Conti},
   booktitle = {Proceedings of 3rd IEEE International Symposium on Network Computing and Applications},
   title = {Towards an Approach for Automatically Repairing Compromised Network Systems},
   month = {August},
   location = {Cambridge, MA, USA},
   year = {2004},
   pages = {389--392},
}

@article{bridges2008revisit,
  title = {{Revisiting the Sequential Programming Model for the Multicore Era}},
  author = "Matthew J. Bridges and Neil Vachharajani and Yun Zhang and Thomas Jabilin and David I. August",
  journal = "IEEE Micro",
  year = "2008"
}

@inproceedings{caballero2007polyglot,
  author = "Juan Caballero and Heng Yin and Zhenkai Liang and Dawn Song",
  title = {{Polyglot: Automatic Extraction of Protocol Message Format Using Dynamic Binary Analysis}},
  booktitle = "Proceedings of the ACM Conference on Computer and Communications Security (CCS)",
  year = "2007"
}

@techreport{locasto2006bloodhound,
  author = "Michael E. Locasto and Matthew Burnside and Angelos D. Keromytis",
  title = {{Bloodhound: Searching Out Malicious Input in Network Flows for Automatic Repair Validation}},
  number = {CUCS-016-06},
  institution = "Columbia University",
  year = "2006"
}

@techreport{locasto2007retrainAD,
  author = "Michael E. Locasto and Gabriela F. Cretu and Shlomo Hershkop and Angelos Stavrou",
  title = {{Post-Patch Retraining for Host-Based Anomaly Detection}},
  number = {CUCS-035-07},
  institution = "Columbia University",
  year = "2007"
}

@inproceedings{wondracek2008netprotocol,
title = {{Automatic Network Protocol Analysis}},
author = "Gilbert Wondracek and Christopher Kruegel and Engin Kirda and Paolo Milani",
 booktitle = "Proceedings of the $15^{th}$ Annual Network and Distributed System Security Symposium (NDSS)",
  month = "February",
  year = "2008"
}

@inproceedings{lin2008contextmonitor,
title = {{Automatic Protocol Format Reverse Engineering through Context-Aware
Monitored Execution}},
author = "Zhiqiang Lin and Dongyan Xu and Xiangyu Zhang and Xuxian
Jiang",
 booktitle = "Proceedings of the $15^{th}$ Annual Network and Distributed System Security Symposium (NDSS)",
  month = "February",
  year = "2008"
}

@inproceedings{yin2008hookfinder,
title = {{HookFinder: Identifying and Understanding Malware Hooking Behaviors}},
author = "Heng Yin and Zhenkai Liang and Dawn Song",
 booktitle = "Proceedings of the $15^{th}$ Annual Network and Distributed System Security Symposium (NDSS)",
  month = "February",
  year = "2008"
}

@inproceedings{baumann2007osupdate,
title = {{Reboots Are for Hardware: Challenges and Solutions to Updating an Operating System on the Fly}},
author = "Andrew Baumann and Jonathan Appavoo and Robert W. Wisniewski and Dilma Da Silva and Orran Krieger and Gernot Heiser",
 booktitle = "Proceedings of the USENIX Annual Technical Conference",
  month = "June",
  year = "2007"
}

@inproceedings{castro2006dfi,
title = {{Securing Software by Enforcing Data-flow Integrity}},
author = "Miguel Castro and Manuel Costa and Tim Harris",
booktitle = "Proceedings of the Symposium on Operating Systems Design and Implementation (OSDI)",
year = "2006"
}

@inproceedings{mutz2007context,
title = {{Exploiting Execution Context for the Detection of Anomalous System Calls}},
author = "Darren Mutz and William Robertson and Giovanni Vigna and Richard Kemmerer",
booktitle = "Proceedings of the International Symposium on Recent Advances in Intrusion Detection (RAID)",
year = "2007"
}

@inproceedings{thorpe2007graphical,
  title = {{Human-seeded Attacks and Exploiting Hot-spots in Graphical Passwords}},
  author = "Julie Thorpe and Paul C. Van Oorschot",
  booktitle = "Proceedings of the USENIX Security Symposium",
  year = "2007",
  pages = {103--118}
}

@inproceedings{valgrind2007pldi,
  title = {{Valgrind: A Framework for Heavyweight Dynamic Binary Instrumentation}},
  author = "Nicholas Nethercote and Julian Seward",
  booktitle = "Proceedings of ACM SIGPLAN 2007 Conference on Programming Language Design and Implementation (PLDI 2007)",
  month = "June",
  year = "2007"
}

@inproceedings{predictbadsoftware2007ccs,
  title = {{Predicting Vulnerable Software Components}},
  author = "Stephan Neuhaus and Thomas Zimmermann and Andreas Zeller",
  booktitle = "Proceedings of the $14^{th}$ ACM Conference on Computer and Communications Security (CCS)",
  year = "2007"
}

@inproceedings{wilander2003,
 author = "John Wilander and Mariam Kamkar",
 title = {{A Comparison of Publicly Available Tools for Dynamic Buffer Overflow Prevention}},
 booktitle = "Proceedings of the Symposium on Network and Distributed Systems Security (NDSS)",
 page = {149--162},
 year = "2003"
}

@inproceedings{gamma2002,
  author = {A. Orso and D. Liang and M.~J. Harrold and R. Lipton},
  year = 2002,
  month = {July},
  title = {{Gamma System: Continuous Evolution of Software After
  Deployment}},
  booktitle = {Proceedings of the ACM International Symposium on
  Software Testing and Analysis (ISSTA)}
}

@inproceedings{paste2002,
  author = {J. Bowring and A. Orso and M.~J. Harrold},
  year = 2002,
  month = {November},
  booktitle = {Proceedings of the Workshop on Program Analysis for
  Software Tools and Engineering (PASTE)},
  title = {{Monitoring Deployed Software Using Software Tomography}},
}

@techreport{strunk2002storage,
  title = {{Intrusion Detection, Diagnosis, and Recovery with Self-securing Storage}},
  author = "John D. Strunk and Garth R. Goodson and Adam G. Pennington and Craig Soules and Gregory Ganger",
  institution = "CMU Computer Science",
  number= "CMU-CS-02-140",
  month = "May",
  year = "2002"
}

@inproceedings{Liblit:2005:SSBI,
author = "Ben Liblit and Mayur Naik and Alice X. Zheng and Alex Aiken and Michael I. Jordan",
  title = {{Scalable Statistical Bug Isolation}},
  booktitle = "PLDI 2005",
  source = {\url{http://www.cs.wisc.edu/~liblit/pldi-2005/pldi-2005.bib}}
}

@inproceedings{Liblit:2003:BIRPS,
author = "Ben Liblit and Alex Aiken and Alice X. Zheng and Michael I. Jordan",
title = {{Bug Isolation via Remote Program Sampling}},
booktitle = "Proceedings of the ACM SIGPLAN Conference on Programming Language Design and Implementation (PLDI)",
year = "2003"
}

@article{wallachterm,
  title = {{Termination in Language-based Systems}},
  year = 2002,
  month = {May},
  journal = {ACM Transactions on Information and System Security},
  volume = 5,
  number = 2,
  author = {A. Rudys and D. S. Wallach}
}

@inproceedings{wallachtrans,
  author = {A. Rudys and D. S. Wallach},
  title = {{Transactional Rollback for Language-based Systems}},
  booktitle = {ISOC Symposium on Network and Distributed Systems Security (SNDSS)},
  year = 2001,
  month = {February}
}

@inproceedings{malfor2006,
  title = {{Isolating Intrusions by Automatic Experiments}},
  author = {S. Neuhaus and A. Zeller},
  year = 2006,
  month = {February},
  pages = {71--80},
  booktitle = {Proceedings of the ISOC Symposium on Network and
  Distributed System Security (SNDSS)}
}

@article{cacm-mono,
  author = {Mark Stamp},
  title = {{Risks of Monoculture}},
  year = 2004,
  month = {March},
  journal = {Communications of the ACM},
  pages = {120},
  volume = 47,
  number = 3
}

@article{monoculture1,
  author = {G. Goth},
  title = {{Addressing the Monoculture}},
  journal = {IEEE Security \& Privacy},
  month = {November/December},
  year = 2003,
  volume = 1,
  number = 6,
  pages = {8--10}
}

@article{monoculture2,
  author = {J. A. Whittaker},
  title = {{No Clear Answers on Monoculture Issues}},
  journal = {IEEE Security \& Privacy},
  month = {November/December},
  year = 2003,
  volume = 1,
  number = 6,
  pages = {18--19}
}

@article{monoculture3,
  author = {D. E. Geer},
  title = {{Monopoly Considered Harmful}},
  journal = {IEEE Security \& Privacy},
  month = {November/December},
  year = 2003,
  volume = 1,
  number = 6,
  pages = {14 \& 17}
}

@article{knight90,
  author = {S. Brilliant and J. C. Knight and N. G. Leveson},
  title = {{Analysis of Faults in an N-version Software Experiment}},
  year = 1990,
  month = {February},
  volume = 16,
  number = 2,
  journal = {IEEE Transactions on Software Engineering}
}

@article{nversion,
  author = {A. Avizienis},
  title = {{The N-version Approach to Fault-tolerant Software}},
  year = 1985,
  volume = 11,
  number = 12,
  pages = {1491--1501},
  journal = {IEEE Transactions on Software Engineering}
}

@techreport{mitigateoverflow,
  author = {M. Chew and D. Song},
  title = {{Mitigating Buffer Overflows by Operating System
  Randomization}},
  year = 2002,
  month = {December},
  institution = {Carnegie Mellon University},
  number = {CMU-CS-02-197}
}

@inproceedings{prev-99,
  author = {Vassilis Prevelakis},
  title = {{A Secure Station for Network Monitoring and Control}},
  month = {August},
  year = {1999},
  booktitle = {Proceedings of the $8^{th}$ USENIX Security Symposium}
}

@techreport{locasto2006vxf,
  title = {{Speculative Execution as an Operating System Service}},
  author = "Michael E. Locasto and Angelos D. Keromytis",
  number = {CUCS-024-06},
  institution = "Columbia University",
  year = "2006"
}

@inproceedings{wong2006iaw,
 title = {{PalProtect: A Collaborative Security Approach to Comment Spam}},
 author = "Benny Wong and Michael E. Locasto and Angelos D. Keromytis",
 booktitle = "Proceedings of the IEEE Information Assurance Workshop (IAW)",
 city = "West Point",
 state = "New York",
 month = "June",
 year = "2006"
}

@misc{realpavermanual,
  title = {{RealPaver User's Manual}},
  author = "Laurent Granvilliers",
  howpublished = "RealPaver User Manual",
  year = "2004"
}

@inproceedings{cadar2006exe,
  author = "Cristian Cadar and Vijay Ganesh and Peter M. Pawlowski and David L. Dill and Dawson R. Engler",
  title = {{EXE: A System for Automatically Generating Inputs of Death Using Symbolic Execution}},
  booktitle = "Proceedings of the $13^{th}$ ACM Conference on Computer and Communications Security (CCS)",
  year = "2006"
}

@article{spinellisNP,
  title = {{Reliable Identification of Bounded-length Viruses is NP-complete}},
  author = "Diomidis Spinellis",
  journal = {{IEEE Transactions on Information Theory}},
  volume = "49",
  number = "1",
  pages = {280--284},
  month = "January",
  year = "2003"
}

@inproceedings{yingbo2007ccs,
  author = "Yingbo Song and Michael E. Locasto and Angelos Stavrou and Angelos D. Keromytis and Salvatore J. Stolfo",
  title = {{On the Infeasibility of Modeling Polymorphic Shellcode}},
  booktitle = "Proceedings of the ACM Conference on Computer and Communications Security (CCS)",
  pages = {541--551},
  year = "2007"
}

@inproceedings{bouncer2007sosp,
  author = "Manuel Costa and Miguel Castro and Lidong Zhou and Lintao Zhang and Marcus Peinado",
  title = {{Bouncer: Securing Software By Blocking Bad Input}},
  booktitle = "Proceedings of the ACM Symposium on Systems and Operating Systems Principles (SOSP)",
  year = "2007"
}

@inproceedings{brumley2006hotsec,
 author = {David Brumley and Dawn Song},
 title = {{Towards Attack--Agnostic Defenses}},
 booktitle = {Proceedings of the First Workshop on Hot Topics in Security ({HOTSEC})},
 year = {2006}
}

@book{Chakravarti67,
   Author = {Chakravarti, I. M. and Laha, R. G. and Roy, J.},
   Title = {Handbook of Methods of Applied Statistics},
   Publisher = {John Wiley and Sons},
   Year = {1967} 
}

@misc{nullhttpd0.5.0vuln,
  howpublished = "\url{http://www.securityfocus.com/bid/5774}"
}

@misc{ghttpdvuln,
  howpublished = "\url{http://www.securityfocus.com/bid/5960}"
}

@misc{fetchmail6.2.0vuln,
  howpublished = "\url{http://fetchmail.berlios.de/fetchmail-SA-2005-01.txt}"
}

@misc{libpng1.2.5vulns,
  howpublished = "\url{http://www.us-cert.gov/cas/techalerts/TA04-217A.html}"
}

@misc{stunnel3.21vuln,
  howpublished = "\url{http://www.securityfocus.com/bid/3748}" 
}

@misc{fxvulnpage,
  howpublished = "\url{http://www.mozilla.org/projects/security/known-vulnerabilities.html}"
}

@misc{linuxkernel2.4.19flagsvuln,
 howpublished = "\url{http://www.sfu.ca/~siegert/linux-security/msg00047.html}"
}

@misc{sambavulnpage,
  howpublished = "\url{http://us4.samba.org/samba/history/security.html}"
}

@misc{apachemodrewritevuln,
  howpublished = "\url{http://cve.mitre.org/cgi-bin/cvename.cgi?name=CVE-2006-3747}"
}

@misc{cvs1.11.15heapvuln,
 howpublished = "\url{http://www.us-cert.gov/cas/techalerts/TA04-147A.html}"
}

@inproceedings{sweeper,
  title = {{Sweeper: A Lightweight End-to-End System for Defending Against Fast Worms}},
  author = "Joseph Tucek and Shan Lu and Chengdu Huang and Spiros Xanthos and Yuanyuan Zhou and James Newsome and David Brumley and Dawn Song",
  booktitle = "EuroSys",
  year = "2007"
}

@inproceedings{borisov2007gapa,
  title ={{A Generic Application-level Protocol Analyzer and Its Language}},
  author = "Nikita Borisov and David J. Brumley and Helen J. Wang and John Dunagan and Pallavi Joshi and Chuanxiong Guo",
  booktitle = "Proceedings of the $14^{th}$ Symposium on Network \& Distributed System Security (NDSS)",
  city = "San Diego",
  state = "CA",
  month = "Feb",
  year = "2007"
}

@inproceedings{foglalee2006polyblend,
  author = "Prahlad Fogla and Wenke Lee",
  title = {{Evading Network Anomaly Detection Systems: Formal Reasoning and Practical Techniques}},
  booktitle = "Proceedings of the $13^{th}$ ACM Conference on Computer and Communications Security (CCS)",
  pages = {59--68},
  city = "Alexandria",
  state = "VA",
  year = "2006"
}

@inproceedings{cretu2007sanitize,
  title = {{Data Sanitization: Improving the Forensic Utility of Anomaly Detection Systems}},
  author = "Gabriela F. Cretu and Angelos Stavrou and Salvatore J. Stolfo and Angelos D. Keromytis",
  booktitle = "Workshop on Hot Topics in System Dependability (HotDep)",
  year = "2007"
}

@article{mutz2006syscallargs,
  title = {{Anomalous System Call Detection}},
  author = "Darren Mutz and Fredrik Valeur and Giovanni Vigna and Christopher Kruegel",
  journal = "ACM Transactions on Information and System Security",
  volume = "9",
  number = "1",
  pages = {61--93},
  month = "February",
  year = "2006"
}

@inproceedings{cui2007shieldgen,
  title = {{ShieldGen: Automated Data Patch Generation for Unknown Vulnerabilities with Informed Probing}},
  author = "Weidong Cui and Marcus Peinado and Helen J. Wang and Michael E. Locasto",
  booktitle = "Proceedings of the IEEE Symposium on Security and Privacy",
  city = "Oakland",
  state = "CA",
  month = "May",
  year = "2007"
}

@inproceedings{newsome2006replayer,
  title = {{Replayer: Automatic Protocol Replay by Binary Analysis}},
  author = "James Newsome and David Brumley and Jason Franklin and Dawn Song",
  booktitle = "Proceedings of the $13^{th}$ ACM Conference on Computer and Communications Security (CCS)",
  pages = {311--321},
  city = "Alexandria",
  state = "VA",
  year = "2006"
}

@inproceedings{wang2006packetvaccine,
  title = {{Packet Vaccine: Black-box Exploit Detection and Signature Generation}},
  author = "XiaoFeng Wang and Zhuowei Li and Jun Xu and Michael K. Reiter and Chongkyung Kil and Jong Youl Choi",
  booktitle = "Proceedings of the ACM Conference on Computer and Communications Security (CCS)",
  pages = {37--46},
  year = "2006"
}

@inproceedings{chung2006allergyattack,
 title = {{Allergy Attack Against Automatic Signature Generation}},
 author = "Simon P. Chung and Aloysius K. Mok",
 booktitle = "Proceedings of the $9^{th}$ International Symposium on Recent Advances in Intrusion Detection (RAID)",
 year = "2006"
}

@inproceedings{anagram,
 title = {{ANAGRAM: A Content Anomaly Detector Resistant To Mimicry Attack}},
 author = "Ke Wang and Janak J. Parekh and Salvatore J. Stolfo",
 booktitle = "Proceedings of the $9^{th}$ International Symposium on Recent Advances in Intrusion Detection (RAID)",
 year = "2006"
}

@inproceedings{corrado05,
  doi =         {10.1109/CSAC.2005.49},
  year =        {2005},
  title =       {{S}cript{G}en: an automated script generation tool for honeyd},
  author =      {Leita, Corrado and Mermoud, Ken and Dacier, Marc},
  booktitle =   {{ACSA} 2005, 21st {A}nnual {C}omputer {S}ecurity {A}pplications {C}onference, {D}ecember 5-9, 2005, {T}ucson, {USA}},
  month =       {Dec}
}

@inproceedings{locasto2007usenix,
  title = {{From STEM to SEAD: Speculative Execution for Automatic Defense}},
  author = "Michael E. Locasto and Angelos Stavrou and Gabriela F. Cretu and Angelos D. Keromytis",
  booktitle = "Proceedings of the USENIX Annual Technical Conference",
  pages = {219--232},
  month = "June",
  year = "2007"
}

@inproceedings{anonymous2007sead,
  title = {{Blinded Title}},
  author = "Anonymous",
  booktitle = "Conference",
  year = "2007"
}

@techreport{locasto2007sead,
  title = {{From STEM to SEAD: Speculative Execution for Automatic Defense}},
  author = "Michael E. Locasto and Angelos Stavrou and Gabriela F. Cretu and Angelos D. Keromytis",
  number = {CUCS-004-07},
  institution = "Columbia University",
  year = "2007"
}

@techreport{lkirm,
  title = {{A Model for Automatically Repairing Execution Integrity}},
  author = "Michael E. Locasto and Gabriela F. Cretu and Angelos Stavrou and Angelos D. Keromytis",
  number = {CUCS-005-07},
  institution = "Columbia University",
  month = "January",
  year = "2007"
}

@inproceedings{ho2006demandemu,
 title = {{Practical Taint-based Protection Using Demand Emulation}},
 author = "Alex Ho and Michael Fetterman and Christopher Clark and Andrew Warfield and Steven Hand",
 booktitle = "Proceedings of EuroSys 2006",
 pages = {29--41},
 month = "April",
 year = "2006"
}

@inproceedings{brown02rewind,
   author = {A. Brown and D. A. Patterson},
   title = {{Rewind}, {Repair}, {Replay}: {Three} {R}'s to Dependability},
   booktitle = {$10^{th}$ ACM SIGOPS European Workshop},
   address = {Saint-Emilion, France},
   month = Sep,
   year = {2002}
}

@inproceedings{erlingsson2006xfi,
  title = {{XFI: Software Guards for System Address Spaces}},
  author = "Ulfar Erlingsson and Martin Abadi and Michael Vrable and Mihai Budiu and George C. Necula",
  booktitle = "Proceedings of the $7^{th}$ Usenix Symposium on Operating Systems Design and Implementation (OSDI)",
  city = "Seattle",
  state = "WA",
  year = "2006"
}

@inproceedings{ganapathy2006retrofit,
  title = {{Retrofitting Legacy Code for Authorization Policy Enforcement}},
  author = "Vinod Ganapathy and Trent Jaeger and Somesh Jha",
  booktitle = "Proceedings of the IEEE Symposium on Security and Privacy",
  month = "May",
  year = "2006"
}

@misc{sidiroglou2006assure,
  title = {{ASSURE: Autonomic Software Self-healing Using Error Virtualization Rescue Points}},
  author = "Stelios Sidiroglou and Oren Laadan and Jason Nieh and Angelos Keromytis",
  howpublished = "Unpublished manuscript",
  year = "2006"
}

@inproceedings{sidiroglou2007rescuepoint,
 title = {{Using Rescue Points to Navigate Software Recovery (Short Paper)}},
 author = "Stelios Sidiroglou and Oren Laadan and Angelos D. Keromytis and Jason Nieh",
 booktitle = "Proceedings of the IEEE Symposium on Security and Privacy",
 month = "May",
 year = "2007"
}

@inproceedings{joshi2005vulnpredsSOSP, 
  author = "Ashlesha Joshi and Samuel T. King and George W. Dunlap and Peter M. Chen",
  title = {{Detecting Past and Present Intrusions through Vulnerability-Specific Predicates}},
  booktitle = "Proceedings of the Symposium on Systems and Operating Systems Principles (SOSP)", 
  year = 2005
}

@book{norvigAIbook,
    author = "Stuart Russell and Peter Norvig",
    title = "Artificial Intelligence: A Modern Approach",
    publisher = "Prentice Hall",
    year = "2002" 
}

@inproceedings{clarkwilson1987oakland,
  title = {{A Comparison of Commercial and Military Computer Security Policies}},
  author = "David D. Clark and David R. Wilson",
  booktitle = "Proceedings of the IEEE Symposium on Security and Privacy",
  year = "1987"
}

@inproceedings{abadi2005cfi,
  title = {{Control-Flow Integrity: Principles, Implementations, and Applications}},
  author = "Martin Abadi and Mihai Budiu and Ulfar Erlingsson and Jay Ligatti",
  booktitle = "Proceedings of the ACM Conference on Computer and Communications Security (CCS)",
  year = "2005"
}

@inproceedings{markatos2006polyshell,
  author = "Michalis Polychronakis and Kostas G. Anagnostakis and Evangelos P. Markatos",
  title = {{Network-Level Polymorhpic Shellcode Detection Using Emulation}},
  booktitle = "Detection of Intrusions and Malware and Vulnerability Assessment (DIMVA)",
  year = "2006"
}

@inproceedings{brumley2006vulnsigs,
  author = "David Brumley and James Newsome and Dawn Song and Hao Wang and Somesh Jha",
  title = {{Towards Automatic Generation of Vulnerability-Based Signatures}},
  booktitle = "Proceedings of the IEEE Symposium on Security and Privacy",
  year = "2006"
}

@inproceedings{yegneswaran2005nemean,
 title = {{An Architecture for Generating Semantics-Aware Signatures}},
 author = "Vinod Yegneswaran and Johnathon T. Giffin and Paul Barford and Somesh Jha",
 booktitle = "Proceedings of the $14^{th}$ USENIX Security Symposium",
 year = "2005"
}

@inproceedings{taylor2006nspw,
  title = {{Challenging the Anomaly Detection Paradigm: A Provocative Discussion}},
  author = "Carol Taylor and Carrie Gates",
  booktitle = "Proceedings of the $15^{th}$ New Security Paradigms Workshop (NSPW)",
  city = "Schloss Dagstuhl",
  country = "Germany",
  pages = {21--29},
  month = "September",
  days = {19--22},
  year = "2006"
}

@inproceedings{wang2006sigfree,
 title = {{SigFree: A Signature-free Buffer Overflow Attack Blocker}},
 author = "Xinran Wang and Chi-Chun Pan and Peng Liu and Sencun Zhu",
 booktitle = "Proceedings of the $15^{th}$ USENIX Security Symposium",
 pages = {225--240},
 city = "Vancouver",
 state = "BC",
 country = "Canada",
 year = "2006"
}

@inproceedings{kirda2006spywaredetection,
 title = {{Behavior-based Spyware Detection}},
 author = "Engin Kirda and Christopher Kruegel and Greg Banks and Giovanni Vigna and Richard A. Kemmerer",
 booktitle = "Proceedings of the $15^{th}$ USENIX Security Symposium",
 pages = {273--288},
 city = "Vancouver",
 state = "BC",
 country = "Canada",
 year = "2006"
}

@inproceedings{DBLP:conf/sp/JensenMT99,
  author    = {Thomas P. Jensen and
               Daniel Le M{\'e}tayer and
               Tommy Thorn},
  title     = {Verification of Control Flow based Security Properties.},
  booktitle = {IEEE Symposium on Security and Privacy},
  year      = {1999},
  pages     = {89-103},
  ee        = {http://computer.org/conferen/proceed/s\%26p/0176/01760089abs.htm},
  bibsource = {DBLP, http://dblp.uni-trier.de}
}

@inproceedings{exploithijacking,
 author = "Costin Raiciu and Mark Handley and David Rosenblum",
 title = {{Exploit Hijacking: Side Effects of Smart Defenses}},
 booktitle = "Proceedings of the SigCOMM Workshop on Large Scale Attack Defense (LSAD)",
 city = "Pisa",
 country = "Italy",
 month = "September",
 year = "2006"
}

@inproceedings{locasto2006darkAC,
  title = {{Dark Application Communities}},
  author = "Michael E. Locasto and Angelos Stavrou and Angelos D. Keromytis",
  booktitle = "Proceedings of the $15^{th}$ New Security Paradigms Workshop (NSPW)",
  city = "Schloss Dagstuhl",
  country = "Germany",
  pages = {11--18},
  month = "September",
  days = {19--22},
  year = "2006"
}

@inproceedings{noncontrol2005,
  author = {S. Chen and J. Xu and E.~C. Sezer and P. Gauriar and R.~K. Iyer},
  title = {{Non-Control-Data Attacks Are Realistic Threats}},
  year = 2005,
  month = {August},
  booktitle = {Proceedings of the $14^{th}$ USENIX Security Symposium},
  pages = {177--191}
}

@inproceedings{zap,
  author = "Steven Osman and Dinesh Subhraveti and Gong Su and Jason Nieh", 
  title = {{The Design and Implementation of Zap: A System for Migrating Computing Environments}}, 
  booktitle = "Proceedings of the $5^{th}$ Symposium on Operating Systems Design and Implementation (OSDI 2002)",
  pages = {361--376}, 
  city = "Boston", 
  state = "MA", 
  month = "December", 
  year = "2002"
}

@article{dyninst,
  title = {{An API for Runtime Code Patching}},
  author = "B. Buck and J. K. Hollingsworth",
  journal = "The International Journal of High Performance Computing Applications",
  volume = "14",
  number = "4",
  pages = {317--329},
  month = "Winter",
  year = "2000"
}

@inproceedings{bluebox,
  author = "Suresh N. Chari and Pau--Chen Cheng",
  title = {{BlueBoX: A Policy--driven, Host--Based Intrusion Detection System}},
  booktitle = "Proceedings of the $9^{th}$ Symposium on Network and Distributed Systems Security (NDSS 2002)", 
  year = "2002"
}

@inproceedings{bellard2005qemu,
  title = {{QEMU, a Fast and Portable Dynamic Translator}},
  author = "Fabrice Bellard", 
  booktitle = "Proceedings of the 2005 USENIX Annual Technical Conference, FREENIX Track",
  pages = {41--46},
  month = "April",
  year = "2005"
}

@inproceedings{chang1999iohint,
  author = "F. Chang and G.A. Gibson",
  title = {{Automatic I/O Hint Generation through Speculative Execution}},
  booktitle = "Proceedings of the $3^{rd}$ USENIX Symposium on Operating Systems Design and Implementation (OSDI)",
  month = "February",
  year = "1999"
}

@inproceedings{anderson1992appspec,
  author = "Thomas Anderson",
  title = {{The Case for Application-Specific Operating Systems}},
  booktitle = "Proceedings of the $3^{rd}$ Workshop on Workstation Operating Systems (WWOS)",
  month = "April",
  year = "1992"
}

@inproceedings{flinn2005sosp, 
  author = "Edmund B. Nightingale and Peter Chen and Jason Flinn", 
  title = {{Speculative Execution in a Distributed File System. }},
  booktitle = "Proceedings of the Symposium on Systems and Operating Systems Principles (SOSP)", 
  year = 2005 
}

@inproceedings{king2006oakland,
 title = {{SubVirt: Implementing Malware with Virtual Machines}},
 author = "Sam T. King and Peter M. Chen and Yi-Min Wang and Chad Verbowski and Helen J. Wang and Jacob R. Lorch",
 booktitle = "Proceedings of the IEEE Symposium on Security and Privacy",
 month = "May",
 year = "2006"
}

@techreport{locasto2006lugrind,
  author = "Michael E. Locasto and Angelos Stavrou and Gabriela F. Cretu and Angelos D. Keromytis and Salvatore J. Stolfo",
  title = {{Quantifying Application Behavior Space for Detection and Self-Healing}},
  number = {CUCS-017-06},
  institution = "Columbia University",
  year = "2006"
}

@inproceedings{gao2004graybox,
  title = {{Gray-Box Extraction of Execution Graphs for Anomaly Detection}},
  author = "Debin Gao and Michael K. Reiter and Dawn Song",
  booktitle = "Proceedings of the ACM Conference on Computer and Communications Security (CCS)",
  year = "2004"
}

@article{hofmeyr1998seqsyscall,
   title = {{Intrusion Detection System Using Sequences of System Calls}},
   author = "S. A. Hofmeyr and Anil Somayaji and S. Forrest",
   journal = "Journal of Computer Security",
   volume = "6",
   number = "3",
   pages = {151--180},
   year = "1998"
}

@inproceedings{wagner2002mimicry,
  title = {{Mimicry Attacks on Host-Based Intrusion Detection Systems}},
  author = "David Wagner and Paolo Soto",
  booktitle = "Proceedings of the ACM Conference on Computer and Communications Security (CCS)",
  month = {November},
  year = "2002"
}

@inproceedings{feng2003adcallstack,
  title = {{Anomaly Detection Using Call Stack Information}},
  author = "Henry H. Feng and Oleg Kolesnikov and Prahlad Fogla and Wenke Lee and Weibo Gong",
  booktitle = "Proceedings of the 2003 IEEE Symposium on Security and Privacy",
  month = "May",
  year = "2003"
}

@inproceedings{giffen2005raid,
  title = {{Environment-Sensitive Intrusion Detection}},
  author = "Jonathon T. Giffin and David Dagon and Somesh Jha and Wenke Lee and Barton P. Miller",
  booktitle = "Proceedings of the $8^{th}$ International Symposium on Recent Advances in Intrusion Detection (RAID)",
  month = "September",
  days = {7--9},
  year = "2005"
}

@inproceedings{bhatkar2006oakland,
  author = "Sandeep Bhatkar and Abhishek Chaturvedi and R. Sekar.",
  title = {{Improving Attack Detection in Host-Based IDS by Learning Properties of System Call Arguments}},
  booktitle = "Proceedings of the IEEE Symposium on Security and Privacy",
  year = "2006"
}

@inproceedings{sidiroglou2005dyboc,
  author = "Stelios Sidiroglou and Giannis Giovanidis and Angelos D. Keromytis",
  title = {{A Dynamic Mechanism for Recovering from Buffer Overflow Attacks}},
  booktitle = "Proceedings of the $8^{th}$ Information Security Conference (ISC)",
  pages = {1--15},
  month = "September",
  year = "2005"
}

@inproceedings{nidar,
  title = {{NIDAR: The Design and Implementation of an Intrusion Detection System}},
  author = "Tan Yong Tai and Tan Woon Kiong and Ong Tiang Hwee and C. Ting",
  booktitle = "Proceedings of the $1^{st}$ International Workshop on Recent Advances in Intrusion Detection (RAID)",
  year = "1998"
}

@inproceedings{queiroz1999micael,
  title = {{Micael: An Autonomous Mobile Agent System to Protect New Generation Networked Applications}},
  author = "Jose Duarte de Queiroz et al.",
  booktitle = "Proceedings of the $2^{nd}$ International Workshop on Recent Advances in Intrusion Detection (RAID)",
  year = "1999"
}

@inproceedings{rowe1999idip,
  title = {{Intrusion Detection and Isolation Protocol: Automated Response to Attacks}},
  author = "Jeff Rowe and D. Schnackenberg and D. Darby and K. Levitt and C. Wee and D. Klotz and J. Schatz",
  booktitle = "Proceedings of the $2^{nd}$ International Workshop on Recent Advances in Intrusion Detection (RAID)",
  year = "1999"
}

@article{yuill2000,
 title = {{Intrusion-detection for Incident-response, Using a Military Battlefield-intelligence Process}},
 author = "J. Yuill and S.F. Wu and J. Settle and F. Gong and R. Forno and M. Huang and J. Asbery",
 journal = "Computer Networks",
 volume = "34",
 number = "4",
 pages = {671-697},
 year = "2000"
}

@article{wang2001tracing,
 title = {{Tracing Based Active Intrusion Response}},
 author = "X.Wang and D. Reeves and S.F. Wu",
 journal = "Journal of Information Warfare",
 volume = "1",
 issue = "1",
 month = "September",
 pages = {50-61},
 year = "2001"
}

@inproceedings{nojiri2003coop,
 title = {{Cooperative Response Strategies for Large Scale Attack Mitigation}},
 author = "D. Nojiri and J. Rowe and K. Levitt",
 booktitle = "Proceedings of The Third DARPA Information Survivability Conference and Exposition (DISCEX III), ",
 month = "April",
 year = "2003"
}

@inproceedings{welch1999nspw,
 title = {{Strike Back: Offensive Actions in Information Warfare}},
 author = "Welch",
 booktitle = "Proceedings of the New Security Paradigms Workshop (NSPW)",
 year = "1999"
}

@inproceedings{ko2000wrappers,
 title = {{Detecting and Countering System Intrusions Using Software Wrappers}}, 
 author = "Calvin Ko and Timothy Fraser and Lee Badger and Douglas Kilpatrick",
 booktitle = "Proceedings of the 9th USENIX Security Symposium",
 year = "2000"
}

@inproceedings{barak1999toolkit,
 title = {{The Proactive Security Toolkit and Applications}},
 author = "Boaz Barak and Amir Herzberg and Dalit Naor and Eldad Shai",
 booktitle = "Proceedings of the 6th ACM Conference on Computer and Communications Security (CCS)",
 month = "November",
 year = "1999"
}

@inproceedings{abadi2003ac,
 title = {{Access Control Based on Execution History}},
 author = "Martin Abadi and Cedric Fournet",
 booktitle = "Proceedings of the 2003 Symposium on Network and Distributed Systems Security (NDSS)",
 year = "2003"
}

@inproceedings{naldurg2003dynamic,
  title = {{Dynamic Access Control: Preserving Safety and Trust for Network Defense Operations}},
  author = "Prasad Naldurg and Roy H. Campbell",
  booktitle = "Proceedings of the $8^{th}$ ACM Symposium on Access Control Models and Technologies (SACMAT) 2003",
  month = "June",
  year = "2003"
}

@inproceedings{bruschi2001nspw,
  title = {{AngeL: a Tool to Disarm Computer Systems}},
  author = "Danilo Bruschi and Emilia Rosti",
  booktitle = "Proceedings of the New Security Paradigms Workshop (NSPW)",
  pages = {63--69},
  month = "September",
  year = "2001"
}

@techreport{lapadula1998,
  title = {{Intrusion Reaction: Recommendations for Obtaining Reaction Capabilities}},
  author = "Leonard J. LaPadula",
  publisher = "The MITRE Corporation",
  month = "September",
  year = "1998"
}

@inproceedings{kim1999human,
 author = "J. Kim and P. Bentley",
 title = {{The Human Immune System and Network Intrusion Detection}},
 booktitle = "Proceedings of the $7^{th}$ European Congress on Intelligent Techniques and Soft Computing (EUFIT 1999)",
 country = "Germany",
 city = "Aachen",
 month = "September",
 days = {13--19},
 year = "1999",
 url = "citeseer.ist.psu.edu/kim99human.html" 
}

@inproceedings{ross2005browserpasswd,
  title = {{Stronger Password Authentication Using Browser Extensions}},
  author = "Blake Ross and Collin Jackson and Nick Miyake and Dan Boneh and John C. Mitchell",
  booktitle = "Proceedings of the $14^{th}$ USENIX Security Symposium.",
  pages = {17--32},
  city = "Baltimore",
  state = "Maryland",
  month = "August",
  year = "2005"
}

@inproceedings{stavrou2006webcrypt,
 title = {{W3Bcrypt: Encryption as a Stylesheet}},
 author = "Angelos Stavrou and Michael E. Locasto and Angelos D. Keromytis",
 booktitle = "Proceedings of the $4^{th}$ Applied Cryptography and Network Security Conference (ACNS)",
 pages = {349--364},
 month = "June",
 year = "2006"
}

@inproceedings{domino,
  author = "V. Yegneswaran and P. Barford and S. Jha",
  title = {{Global Intrusion Detection in the DOMINO Overlay System}},
  booktitle = "ISOC Symposium on Network and Distributed Systems Security",
  year = "2004",
  month = "February"
}

@inproceedings{kruegel01decentralized,
  author = "C. Krugel and T. Toth and C. Kerer",
  title = {{Decentralized Event Correlation for Intrusion Detection}},
  booktitle = {Proceedings of the International Conference on Information Security and Cryptology (ICISC)},
  month = "December",
  year = 2001
}

@inproceedings{du2001smc,
  title = {{Secure Multi-Party Computation Problems and their Applications}},
  author = "Wenliang Du and Mikhail J. Atallah",
  booktitle = "Proceedings of the New Security Paradigms Workshop", 
  pages = {11--20},
  month = "September",
  year = "2001"
}

@inproceedings{robertson2006anomalyweb,
  author = "William Robertson and Giovanni Vigna and Christopher Kruegel and Richard A. Kemmerer",
  title = {{Using Generalization and Characterization Techniques in the Anomaly-based Detection of Web Attacks}},
   booktitle = "Proceedings of the $13^{th}$ Symposium on Network and Distributed System Security (NDSS 2006)",
  month = "February",
  year = "2006"
}

@inproceedings{liang2005covers,
  author = "Zhenkai Liang and R. Sekar",
  title = {{Fast and Automated Generation of Attack Signatures: A Basis for Building Self-Protecting Servers}},
  booktitle = "Proceedings of the $12^{th}$ ACM Conference on Computer and Communications Security (CCS)",
  month = "November",
  year = "2005"
}

@inproceedings{xu2005siggen,
  author = "Jun Xu and Peng Ning and Chongkyung Kil and Yan Zhai and Chris Bookholt",
  title = {{Automatic Diagnosis and Response to Memory Corruption Vulnerabilities}},
  booktitle = "Proceedings of the $12^{th}$ ACM Conference on Computer and Communications Security (CCS)",
  month = "November",
  year = "2005"
}

@inproceedings{wespi2002ape,
  title = {{Accurate Buffer Overflow Detection via Abstract Payload Execution}},
  author = "Thomas Toth and Christopher Kruegel",
  booktitle = "Proceedings of the $5^{th}$ International Symposium on Recent Advances in Intrusion Detection (RAID)",
  pages = {274--291},
  month = "October",
  days = {16--18},
  year = "2002"
}

@inproceedings{polygraph,
  author = "James Newsome and B. Karp and Dawn Song",
  title = {{Polygraph: Automatically Generating Signatures for Polymorphic Worms}},
  booktitle = "Proceedings of the IEEE Symposium on Security and Privacy",
  month = "May",
  year = "2005"
}

@inproceedings{crandall2005ccs,
  title = {{On Deriving Unknown Vulnerabilities from Zero-day Polymorphic and Metamorphic Worm Exploits}},
  author = "Jedidiah R. Crandall and Zhendong Su and S. Felix Wu and Frederic T. Chong",
  booktitle = "Proceedings of the $12^{th}$ ACM Conference on Computer and Communications Security (CCS)",
  month = "November",
  year = "2005"
}

@book{youngandyung,
   title = {{Malicious Cryptography: Exposing Cryptovirology}},
   author = "Adam Young and Moti Yung",
   publisher = "John Wiley and Sons",
   isbn = "0-7645-4975-8",
   month = "February",
   year = "2004"
}

@inproceedings{wang2004shield,
 author = "Helen J. Wang and Chuanxiong Guo and Daniel R. Simon and Alf Zugenmaier",
 title = {{Shield: Vulnerability-driven Network Filters for Preventing Known Vulnerability Exploits}},
 booktitle = "Proceedings of the ACM SIGCOMM",
 month = "August",
 year = "2004"
}

@inproceedings{lam2004extractpolicy,
 author = "Lap Chung Lam and Tzi-cker Chiueh", 
 title = {{Automatic Extraction of Accurate Application-specific Sandboxing Policy}},
 booktitle = "Proceedings of the $7^{th}$ International Symposium on Recent Advances in Intrusion Detection",
 city = "Sophia Antipolis",
 country = "France",
 month = "September",
 year = "2004"
}

@techreport{w3bcrypt,
  author = "Angelos Stavrou and Michael E. Locasto and Angelos D. Keromytis",
  title = {{W3BCrypt: Encryption as a Stylesheet}},
  number = {CUCS-003-06},
  institution = "Columbia University",
  year = "2006"
}

@techreport{locasto2006sev,
  author = "Michael E. Locasto and Angelos D. Keromytis",
  title = {{Binary Level Function Profiling for Intrusion Detection and Smart Error Virtualization}},
  number = {CUCS-002-06},
  institution = "Columbia University",
  year = "2006"
}

@article{stolfo2005rad,
   title = {{A Comparative Evaluation of Two Algorithms for Windows Registry Anomaly Detection}},
   author = "Salvatore J. Stolfo and Frank Apap and Eleazar Eskin and Katherine Heller and Shlomo Hershkop and Andrew Honig and Krysta Svore",
   journal = "Journal of Computer Security",
   volume = "13",
   number = "4",
   year = "2005"
}

@inproceedings{bui2005pad,
   title = {{Unsupervised Anomaly Detection in Computer Security and an Application to File System Access}},
   author = "L. Bui and S. Hershkop and S. Stolfo",
   booktitle = "Proceedings of ISMIS",
   year = "2005"
}

@inproceedings{rx2005sosp,
 author = "Feng Qin and Joseph Tucek and Jagadeesan Sundaresan and Yuanyuan Zhou",
 title = {{Rx: Treating Bugs as Allergies -- A Safe Method to Survive Software Failures}},
 booktitle = "Proceedings of the Symposium on Systems and Operating Systems Principles (SOSP)",
 year = "2005"
}

@inproceedings{costa2005vigilanteSOSP,
 author = "Manuel Costa and Jon Crowcroft and Miguel Castro and Antony Rowstron",
 title = {{Vigilante: End-to-End Containment of Internet Worms}},
 booktitle = "Proceedings of the Symposium on Systems and Operating Systems Principles (SOSP)",
 year = "2005"
}

@inproceedings{lam2005cash,
 author = "Lap-chung Lam and Tzi-cker Chiueh",
 title = {{Checking Array Bounds Violation with Segmentation Hardware}},
 booktitle = "Proceedings of the 2005 International Conference on Dependable Systems and Networks (DSN)",
 month = "June",
 year = "2005"
}

@inproceedings{luk2005pin,
 author = "Chi-Keung Luk and Robert Cohn and Robert Muth and Harish Patil and Artur Klauser and Geoff Lowney and Steven Wallace and Vijay Janapa Reddi and Kim Hazelwood.",
 title ={{Pin: Building Customized Program Analysis Tools with Dynamic Instrumentation}},
 booktitle = "Proceedings of Programming Language Design and Implementation (PLDI)", 
 city = "Chicago",
 state = "IL", 
 month = "June",
 year = "2005"
}

@inproceedings{lincoln2004sharing,
  title = {{Privacy-preserving Sharing and Correlation of Security Alerts}},
  author = "Patrick Lincoln and Phillip A. Porras and Vitaly Shmatikov",
  booktitle = "Proceedings of the USENIX Security Symposium",
  year = "2004",
  pages = {239-254}
}

@inproceedings{porras2004hybrid,
  title = {{A Hybrid Quarantine Defense}},
  author = "Phillip Porras and L. Briesemeister and K. Skinner and K. Levitt and J. Rowe and Y. A. Ting",
  booktitle = "Proceedings of the ACM CCS Workshop on Rapid Malcode (WORM) 2004", 
  month = "October",
  year = "2004"
}

@inproceedings{malan2005p2pwormdetection,
 author = "David J. Malan and Michael D. Smith",
 title = {{Host-based Detection of Worms through Peer-to-peer Cooperation}},
 booktitle = "Proceedings of the $3^{rd}$ ACM Workshop on Rapid Malcode (WORM)",
 month = "November",
 year = "2005"
}

@inproceedings{ma2005selfstopworm,
 author = "Justin Ma and Geoffrey M. Voelker and Stefan Savage",
 title = {{Self-stopping Worms}},
 booktitle = "Proceedings of the $3^{rd}$ ACM Workshop on Rapid Malcode (WORM)",
 month = "November",
 year = "2005"
}

@techreport{locasto2005thesisproposal,
  author = "Michael E. Locasto",
  title = {{Micro-speculation, Micro-sandboxing, and Self-correcting Assertions: Support for Self-healing Software and Application Communities}},
  number = {CUCS-048-05},
  institution = "Columbia University",
  year = "2005"
}

@inproceedings{locasto2006ndss,
 title = {{Software Self-healing Using Collaborative Application Communities.}},
 author = "Michael E. Locasto and Stelios Sidiroglou and Angelos D. Keromytis",
 booktitle = "Proceedings of the $13^{th}$ Symposium on Network and Distributed System Security (NDSS 2006)",
 pages = {95--106},
 month = "February",
 year = "2006"
}

@inproceedings{cui2006replay,
 title = {{Protocol-independent Adaptive Replay of Application Dialog}},
 author = "Weidong Cui and Vern Paxson and Nicholas C. Weaver and Randy H. Katz",
 booktitle = "Proceedings of the $13^{th}$ Symposium on Network and Distributed System Security (NDSS 2006)",
 month = "February",
 year = "2006"
}

@inproceedings{newsome2006ndss,
 title = {{Vulnerability-specific Execution Filtering for Exploit Prevention on Commodity Software.}},
 author = "James Newsome and David Brumley and Dawn Song",
 booktitle = "Proceedings of the $13^{th}$ Symposium on Network and Distributed System Security (NDSS 2006)",
 month = "February",
 year = "2006"
}

@misc{xmlencryption,
  title = {{XML Encryption Syntax and Processing}},
  author = "Takeshi Imamura and Blair Dillaway and Ed Simon",
  howpublished = {\url{http://www.w3.org/TR/xmlenc-core/}},
  year = "2002"
}

@misc{xmlencryptionreq,
  title = {{Specification of Element-wise XML Encryption}},
  author = "Takeshi Imamura and Hiroshi Maruyama",
  howpublished = {\url{http://lists.w3.org/Archives/Public/xml-encryption/2000Aug/att-0005/xmlenc-spec.html}},
  year = "2000"
}

@misc{elementwisexml2000,
  title = {{Element-wise XML Encryption}},
  author = "Hiroshi Maruyama and Takeshi Imamura",
  howpublished = {\url{http://lists.w3.org/Archives/Public/xml-encryption/2000Apr/att-0005/01-xmlenc}},
  year = "2000"
}

@inproceedings{sekar2001mcc,
  title = {{Model-carrying Code (MCC): A New Paradigm for Mobile-code Security}},
  author = "R. Sekar and C.R. Ramakrishnan and I.V. Ramakrishnan and S.A. Smolka",
  booktitle = "Proceedings of the New Security Paradigms Workshop (NSPW)",
  month = "September",
  year = "2001"
}

@misc{p3p,
  title = {{Platform for Privacy Preferences (P3P) Project}},
  author = "Rigo Wenning et al.",
  howpublished = {\url{http://www.w3.org/P3P/}},
  month = "September",
  year = "2005"
}

@misc{gregorio2005greasemonkey,
  title = {{Secure RSS Syndication}},
  author = "Joe Gregorio",
  howpublished = {\url{http://www.xml.com/pub/a/2005/07/13/secure-rss.html}},
  month = "July",
  day = "13",
  year = "2005"
}

@inproceedings{sws2002trustedpath,
  title = {{Trusted Paths for Browsers}},
  author = "Zishuang Ye and Sean Smith",
  booktitle = "Proceedings of the $11^{th}$ USENIX Security Symposium",
  month = "August",
  year = "2002"
}

@inproceedings{ioannidis2001securebrowser,
  title = {{Building a Secure Web Browser}},
  author = "Sotiris Ioannidis and Steven M. Bellovin",
  booktitle = "Freenix Annual Technical Conference (USENIX 2001)",
  month = "June",
  year = "2001"
}

@inproceedings{gupta2004elliptic,
  title = {{Speeding Up Secure Web Transactions Using Elliptic Curve Cryptography}},
  author = "Vipul Gupta and Douglas Stebila and Stephen Fung and Sheueling Chang Shantz and Nils Gura and Hans Eberle",
  booktitle = "$11^{th}$ Annual Network and Distributed System Security Symposium (NDSS 2004)",
  month = "August",
  year = "2004"
}

@inproceedings{dean2001puzzles,
  title = {{Using Client Puzzles to Protect TLS}},
  author = "Drew Dean and Adam Stubblefield",
  booktitle = "Proceedings of the $10^{th}$ USENIX Security Symposium",
  month = "August",
  year = "2001"
}

@inproceedings{coarfa2002tlsperf,
  title = {{Performance Analysis of TLS Web Servers}},
  author = "Cristian Coarfa and Peter Druschel and Dan S. Wallach",
  booktitle = "$9^{th}$ Annual Network and Distributed System Security Symposium (NDSS 2002)",
  month = "February",
  year = "2002"
}

@inproceedings{lesniewski2003splitting,
  title = {{SSL Splitting: Securely Serving Data From Untrusted Caches}},
  author = "Chris Lesniewski-Laas and M. Frans Kaashoek",
  booktitle = "Proceedings of the $12^{th}$ USENIX Security Symposium",
  month = "August",
  year = "2003"
}

@inproceedings{brumley2003remotetiming,
  title = {{Remote Timing Attacks Are Practical}},
  author = "David Brumley and Dan Boneh",
  booktitle = "Proceedings of the $12^{th}$ USENIX Security Symposium",
  month = "August",
  year = "2003"
}

@inproceedings{spoofguard,
  title = {{Client-side Defense Against Web-based Identity Theft}},
  author = "Neil Chou and Robert Ledesma and Yuka Teraguchi and John C. Mitchell",
  booktitle = "$11^{th}$ Annual Network and Distributed System Security Symposium (NDSS 2004)",
  month = "February",
  year = "2004"
}

@inproceedings{rescorla2002sslacc,
  title = {{SSLACC: A Clustered SSL Accelerator}},
  author = "Eric Rescorla and Adam Cain and Brian Korver",
  booktitle = "Proceedings of the $11^{th}$ USENIX Security Symposium",
  month = "August",
  year = "2002"
}

@inproceedings{bauer2002access,
  title = {{A General and Flexible Access-control System for the Web}},
  author = "Lujo Bauer and Michael A. Schneider and Edward W. Felten",
  booktitle = "Proceedings of the $11^{th}$ USENIX Security Symposium",
  month = "August",
  year = "2002"
}

@inproceedings{anupam1998scripting,
  title = {{Security of Web Browser Scripting Languages: Vulnerabilities, Attacks, and Remedies}},
  author = "Vinod Anupam and Alain Mayer",
  booktitle = "Proceedings of the $7^{th}$ USENIX Security Symposium",
  month = "January",
  year = "1998"
}

@article{kuperman2005acm,
 title = {{Detection and Prevention of Stack Buffer Overflow Attacks}},
 author = "Benjamin A. Kuperman and Carla E. Brodley and Hilmi Ozdoganoglu and T. N. Vijaykumar and Ankit Jalote",
 journal = "Communications of the ACM",
 volume = "48",
 number = "11",
 pages = {51--56},
 month = "November",
 year = "2005"
}

@inproceedings{sailer2004tcg,
  author = "Reiner Sailer and Xiaolan Zhang and Trent Jaeger and Leendert van Doorn",
  title = {{Design and Implementation of a TCG-based Integrity Measurement Architecture}}, 
  booktitle = "Proceedings of the $13^{th}$ USENIX Security Symposium",
  pages = {223--238}
}

@inproceedings{ba2004copilot,
   title = {{Copilot -- a Coprocessor-based Kernel Runtime Integrity Monitor}},
   author = "Nick L. Petroni and Timothy Fraser and Jesus Molina and William A. Arbaugh",
   booktitle = "Proceedings of the $13^{th}$ USENIX Security Symposium",
   pages = {179--194}
}

@inproceedings{li2005pulse,
 title = {{Pulse: A Dynamic Deadlock Detection Mechanism Using Speculative Execution}},
 author = "Tong Li and Carla S. Ellis and Alvin R. Lebeck and Daniel J. Sorin",
 booktitle = "Proceedings of the USENIX ATC",
 pages = {31-44},
 month = "April",
 year = "2005"
}

@inproceedings{locasto2005svv,
  title = {{Speculative Virtual Verification: Policy-constrained Speculative Execution}},
  author = "Michael E. Locasto and Stelios Sidiroglou and Angelos D. Keromytis",
  booktitle = "Proceedings of the $14^{th}$ New Security Paradigms Workshop (NSPW)",
  city = "Lake Arrowhead",
  state = "California",
  pages = {119--124},
  month = "September",
  days = {20--23},
  year = "2005"
}

@misc{subterfugue,
 author = "",
 title = {{The SUBTERFUGUE Project}},
 howpublished = {\url{http://subterfugue.org/}},
 month = "April",
 year = "2002"
}

@misc{symantecreport2004,
  author = "Dean Turner and Stephen Entwisle",
  title = {{Symantec Internet Security Threat Report}},
  howpublished={\url{http://enterprisesecurity.symantec.com/content.cfm?articleid=1539}},
  month = "September",
  year = "2004"
}

@inproceedings{gao2005behavioraldistance,
  title = {{Behavioral Distance for Intrusion Detection}},
  author = "Debin Gao and Michael K. Reiter and Dawn Song",
  booktitle = "Proceedings of the $8^{th}$ International Symposium on Recent Advances in Intrusion Detection (RAID)",
  pages = {63--81},
  month = "September",
  days = {7--9},
  year = "2005"
}

@inproceedings{locasto2005flips,
  title = {{FLIPS: Hybrid Adaptive Intrusion Prevention}},
  author = "Michael E. Locasto and Ke Wang and Angelos D. Keromytis and Salvatore J. Stolfo",
  booktitle = "Proceedings of the $8^{th}$ International Symposium on Recent Advances in Intrusion Detection (RAID)",
  pages = {82--101},
  month = "September",
  days = {7--9},
  year = "2005"
}

@inproceedings{ke2005paylv2,
  title = {{Anomalous Payload-based Worm Detection and Signature Generation}},
  author = "Ke Wang and Gabriela Cretu and Salvatore J. Stolfo",
  booktitle = "Proceedings of the $8^{th}$ International Symposium on Recent Advances in Intrusion Detection (RAID)",
  pages = {227--246},
  month = "September",
  days = {7--9},
  year = "2005"
}

@inproceedings{hong2005tcpopera,
  title = {{On Interactive Internet Traffic Replay}},
  author = "Seung-Sun Hong and S. Felix Wu",
  booktitle = "Proceedings of the $8^{th}$ International Symposium on Recent Advances in Intrusion Detection (RAID)",
  pages = {247--264},
  month = "September",
  days = {7--9},
  year = "2005"
}

@inproceedings{chinchani2005exploitflows,
  title = {{A Fast Static Analysis Approach to Detect Exploit Code Inside Network Flows}},
  author = "Ramkumar Chinchani and Eric Van Den Berg",
  booktitle = "Proceedings of the $8^{th}$ International Symposium on Recent Advances in Intrusion Detection (RAID)",
  pages = {284--304},
  month = "September",
  days = {7--9},
  year = "2005"
}

@inproceedings{kruegel2005raid,
  title = {{Polymorphic Worm Detection Using Structural Information of Executables}},
  author = "Christopher Kruegel and Engin Kirda and Darren Mutz and William Robertson and Giovanni Vigna",
  booktitle = "Proceedings of the $8^{th}$ International Symposium on Recent Advances in Intrusion Detection (RAID)",
  pages = {207--226},
  month = "September",
  days = {7--9},
  year = "2005"
}

@inproceedings{locasto2005iaw,
 title = {{Towards Collaborative Security and P2P Intrusion Detection}},
 author = "Michael E. Locasto and Janak J. Parekh and Angelos D. Keromytis and Salvatore J. Stolfo",
 booktitle = "Proceedings of the IEEE Information Assurance Workshop (IAW)",
 city = "West Point",
 state = "New York",
 month = "June",
 year = "2005"
}

@inproceedings{anagnostakis2005replay,
  title = {{Detecting Targeted Attacks Using Shadow Honeypots}},
  author = "Kostas G. Anagnostakis and Stelios Sidiroglou and Periklis Akritidis and Konstantinos Xinidis and Evangelos Markatos and Angelos D. Keromytis",
  booktitle = "Proceedings of the $14^{th}$ USENIX Security Symposium.",
  city = "Baltimore",
  state = "Maryland",
  month = "August",
  year = "2005"
}

@inproceedings{locasto2005monodep,
 title = {{Application Communities: Using Monoculture for Dependability}},
 author = "Michael E. Locasto and Stelios Sidiroglou and Angelos D. Keromytis",
 booktitle = "Proceedings of the $1^{st}$ Workshop on Hot Topics in System Dependability (HotDep-05)",
 month = "June",
 year = "2005"
}

@inproceedings{toth2002payloadexec,
  title = {{Accurate Buffer Overflow Detection via Abstract Payload Execution}},
  author = "Thomas Toth and Christopher Kruegel",
  booktitle = "Proceedings of the Symposium on Recent Advances in Intrusion Detection (RAID)",
  year = "2002"
}

@inproceedings{cuppens2002coop,
	author= "Frederic Cuppens and Alexandre Miege",
	title = {{Alert Correlation in a Cooperative Intrusion Detection Framework}},
	booktitle = "IEEE Security and Privacy",
	year = "2002"
}

@article{stolfo2004ieeesp,
   title = {{Worm and Attack Early Warning: Piercing Stealthy Reconnaissance}},
   author = "S. Stolfo",
   journal = "IEEE Privacy and Security",
   editor = "Saydjari",
   volume =        "",
   number =        "",
   month =         "May/June",
   year =          "2004",
   pages =         "",
   comment = "On the Horizon"
}

@inproceedings{overill1998question,
 title = {{How Re(Pro)active Should an IDS Be?}},
 author = "Richard E. Overill",
 booktitle = "Proceedings of the $1^{st}$ International Workshop on Recent Advances in Intrusion Detection (RAID)",
 month = "September",
 year = "1998"
}

@inproceedings{liang2005usenix,
 title ={{Automatic Synthesis of Filters to Discard Buffer Overflow Attacks: A Step Towards Realizing Self-healing Systems}},
 author = "Zhenkai Liang and R. Sekar and D. C. DuVarney",
 booktitle = "Proceedings of the USENIX Annual Technical Conference",
 year = "2005"
}

@inproceedings{sekar1999syscall,
 title = {{Synthesizing Fast Intrusion Prevention/Detection Systems from High-level Specifications}}, 
 author = "R. Sekar and P. Uppuluri",
 booktitle = "Proceedings of the $8^{th}$ USENIX Security Symposium",
 year = "1999"
}

@inproceedings{balepin2003raid,
 title = {{Using Specification-based Intrusion Detection for Automated Response}}, 
 author = "Ivan Balepin and Sergei Maltsev and Jeff Rowe and Karl Levitt",
 booktitle = "Proceedings of the $6^{th}$ International Workshop on Recent Advances in Intrusion Detection (RAID)",
 month = "September",
 year = "2003"
}

@inproceedings{singh2004wormfingerprint,
 title = {{Automated Worm Fingerprinting}},
 author = "Sumeet Singh and Cristian Estan and George Varghese and Stefan Savage",
 booktitle = "Proceedings of Symposium on Operating Systems Design and Implementation (OSDI)",
 year = "2004"
}

@techreport{okpw2004,
 title = {{Advanced Polymorphic Worms: Evading IDS by Blending in with Normal Traffic}},
 author = "Aleg Kolesnikov and Wenke Lee",
 booktitle = "Georgia Tech Computer Science Technical Report",
 institution = "Georgia Tech College of Computing",
 year = "2004"
}

@inproceedings{kim2004autograph,
 title = {{Autograph: Toward Automated, Distributed Worm Signature Detection}},
 author = "Hyang-Ah Kim and Brad Karp",
 booktitle = "Proceedings of the USENIX Security Conference",
 year = "2004"
}

@inproceedings{stig2004analysis,
 title = {{Network-based Buffer Overflow Detection by Exploit Code Analysis}},
 author = "Andersson Stig and Andrew Clark and George Mohay",
 booktitle = "AusCERT Conference",
 month = "May",
 year = "2004"
}

@inproceedings{kruegel2002anomaly,
 title = {{Service Specific Anomaly Detection for Network Intrusion Detection}},
 author = "Christopher Kruegel and Thomas Toth and Engin Kirda",
 booktitle = "Proceedings of the ACM Symposium on Applied Computing (SAC)",
 year = "2002"
}

@inproceedings{rabek2003dome,
 title = {{Detection of Injected, Dynamically Generated, and Obfuscated Malicious Code}},
 author = "Jesse C. Rabek and Roger I. Khazan and Scott M. Lewandowski and Robert K. Cunningham",
 booktitle = "Proceedings of the Workshop on Rapid Malcode (WORM)",
 year = "2003"
}

@article{suh2004,
 author = {G. Edward Suh and Jae W. Lee and David Zhang and Srinivas Devadas},
 title = {{Secure Program Execution Via Dynamic Information Flow Tracking}},
 journal = {SIGOPS Oper. Syst. Rev.},
 volume = {38},
 number = {5},
 year = {2004},
 issn = {0163-5980},
 pages = {85--96},
 doi = {http://doi.acm.org/10.1145/1037949.1024404},
 publisher = {ACM Press},
}

@inproceedings{dynamictaint2005,
  author = {James Newsome and Dawn Song},
  title = {{Dynamic Taint Analysis for Automatic Detection, Analysis, and Signature Generation of Exploits on Commodity Software}},
  booktitle = "Proceedings of the $12^{th}$ Symposium on Network and Distributed System Security (NDSS)",
  year = 2005,
  month = {February}
}

@inproceedings{dira2005,
  author = {A. Smirnov and T. Chiueh},
  title = {{DIRA: Automatic Detection, Identification, and Repair of Control-Hijacking Attacks}},
  booktitle = "Proceedings of the $12^{th}$ Symposium on Network and Distributed System Security (NDSS)",
  year = 2005,
  month = {February}
}

@inproceedings{sommer2003sigcontext,
  title = {{Enhancing Byte-Level Network Intrusion Detection Signatures with Context}},
  author = "R. Sommer and Vern Paxson",
  booktitle = "Proceedings of the ACM Conference on Computer and Communications Security (CCS)",
  pages = {262--271},
  year = "2003"
}

@inproceedings{king2005camera,
 title = {{Enriching Intrusion Alerts Through Multi-host Causality}},
 author = "Samuel T. King and Z. Morley Mao and Dominic G. Lucchetti and Peter M. Chen",
 booktitle = "Proceedings of the Symposium on Network and Distributed Systems Security (NDSS)",
 year = "2005"
}

@inproceedings{learning2002,
  title = {{Learning Unknown Attacks -- A Start}},
  booktitle = {Proceedings of the $5^{th}$ International Symposium on Recent Advances in Intrusion Detection (RAID)},
  author = {J. E. Just and L. A. Clough and M. Danforth and K. N. Levitt and R. Maglich and J. C. Reynolds and J. Rowe},
  month = {October},
  year = 2002
}

@inproceedings{stelios2005emailworm,
  title = {{An Email Worm Vaccine Architecture}},
  author = "Stelios Sidiroglou and John Ioannidis and Angelos D. Keromytis and Salvatore J. Stolfo",
  booktitle = "Proceedings of the $1^{st}$ Information Security Practice and Experience Conference (ISPEC)",
  month = "April",
  year = "2005"
}

@inproceedings{pietraszek2004adaptive,
  title = {{Using Adaptive Alert Classification to Reduce False Positives in Intrusion Detection}},
  author = "Tadeusz Pietraszek",
  booktitle = "Proceedings of the Symposium on Recent Advances in Intrusion Detection (RAID)",
  month = "September",
  year = "2004"
}

@inproceedings{ioannidis2000firewall,
 title = {{Implementing a Distributed Firewall}},
 author = "Sotiris Ioannidis and Angelos D. Keromytis and Steven M. Bellovin and Jonathan M. Smith",
 booktitle = "Proceedings of the $7^{th}$ ACM International Conference on Computer and Communications Security (CCS)", 
 pages = {190-199},
 month = "November",
 year = "2000", 
 city = "Athens", 
 country = "Greece"
}

@inproceedings{ioannidis2002pushback,
  author = "John Ioannidis and Steven M. Bellovin",
  title = "Implementing Pushback: Router-based Defense Against {DDoS} Attacks",
  booktitle = "Proceedings of Network and Distributed System Security (NDSS) Symposium",
  publisher = "The Internet Society",
  address = " 1775 Wiehle Ave., Suite 102, Reston, VA 20190",
  month = "February",
  year = 2002,
  url = "citeseer.ist.psu.edu/ioannidis02implementing.html" 
}

@inproceedings{handley2001normalization,
 title = {{Network Intrusion Detection: Evasion, Traffic Normalization, and End-to-End Protocol Semantics}},
 author = "Mark Handley and Vern Paxson and Christian Kreibich",
 booktitle = "Proceedings of the USENIX Security Conference",
 year = "2001"
}

@inproceedings{xu2002architecture,
  author = "J. Xu and Z. Kalbarczyk and S. Patel and R. Iyer",
  title = {{Architecture Support for Defending Against Buffer Overflow Attacks}},
  booktitle = "Proceedings of the $2^{nd}$ Workshop on Evaluating and Architecting System Dependability (EASY)",
  month = "October",
  year = "2002",
}

@inproceedings{mcgregor2004wassa,
 title = {{Protecting Cryptographic Keys and Computations via Virtual Secure Coprocessing}},
 author = "John P. McGregor and Ruby B. Lee",
 booktitle = "Proceedings of the Workshop on Architectural Support for Security and Anti-Virus (WASSA)",
 city = "Boston",
 state = "MA",
 month = "October",
 year = "2004"
}

@inproceedings{suh2004tainted,
 title = {{Secure Program Execution via Dynamic Information Flow Tracking}},
 author = "G. Edward Suh and J. W. Lee and D. Zhang and S. Devadas",
 booktitle = "Proceedings of the $11^{th}$ International Conference on Architectural Support for Programming Languages and Operating Systems (ASPLOS-XI)",
 month = "October",
 year = "2004"
}

@inproceedings{chen2003cerium,
 title = {{Certifying Program Execution with Secure Processors}},
 author = "Benjie Chen and Robert Morris",
 booktitle = "Proceedings of the $9^{th}$ Workshop on Hot Topics in Operating Systems",
 pages = {133--138},
 month = "May",
 year = "2003"
}

@inproceedings{patil1995shadow,
 title = {{Efficient Turn-time Monitoring Using Shadow Processing}},
 author = "H. Patil and C. N. Fischer",
 booktitle = "Proceedings of the $2^{nd}$ International Workshop on Automated and Algorithmic Debugging",
 year = "1995"
}

@article{small2000misfit,
 title = {{MiSFIT: A Tool for Constructing Safe Extensible C++ Systems}},
 author = "Christopher Small and Margo Seltzer",
 journal = "IEEE Concurrency",
 volume = "6",
 number = "3",
 pages = {33--41},
 year = "1998"
}

@inproceedings{oplinger2002specthreads,
 title = {{Enhancing Software Reliability with Speculative Threads}},
 author = "Jeffrey Oplinger and Monica S. Lam",
 booktitle = "Proceedings of the $10^{th}$ International Conference on Architectural Support for Programming Languages and Operating Systems (ASPLOS X)",
 month = "October",
 year = "2002"
}

@inproceedings{provos2002systrace,
  title = {{Improving Host Security with System Call Policies}},
  author = "Niels Provos",
  booktitle = "Proceedings of the $12^{th}$ USENIX Security Symposium",
  pages = {207--225},
  month = "August",
  year = "2003"
}

@inproceedings{fraser99hardening,
  title = {{Hardening COTS Software with Generic Software Wrappers}},
  author = "Timothy Fraser and Lee Badger and Mark Feldman",
  booktitle = "Proceedings of the 1999 IEEE Symposium on Security and Privacy",
  year = "1999"
}

@inproceedings{reynolds2003hacqit,
  title = {{On-line Intrusion Detection and Attack Prevention Using Diversity, Generate-and-Test, and Generalization}},
  author = "James C. Reynolds and James Just and Larry Clough and Ryan Maglich",
  booktitle = "Proceedings of the $36^{th}$ Hawaii International Conference on System Sciences (HICSS)",
  year = "2003"
}

@inproceedings{reynolds2003repair,
  title = {{Continual Repair for Windows Using the Event Log}},
  author = "James C. Reynolds and Lawrence A. Clough",
  booktitle = "Proceedings of the $1^{st}$ ACM Workshop on Survivable and Self-Regenerative Systems (SSRS)",
  pages = {99--104},
  month = "October",
  year = "2003"
}

@article{kreidl2002feedback,
  title = {{Feedback Control Applied to Survivability: A Host-based Autonomic Defense System}},
  author = "O. Patrick Kreidl and Tiffany M. Frazier",
  journal = "IEEE Transactions on Reliability",
  volume = "",
  number = "",
  year = "2002"
}

@misc{pHwebsite,
 title = {{Process Homeostasis}},
 author = "Mario Van Velzen and Anil Somayaji",
 howpublished = "\url{http://www.scs.carleton.ca/~mvvelzen/pH/pH.html}",
 year = "2008"
}

@thesis{somayaji2002thesis,
  title = {{Operating System Stability and Security through Process Homeostasis}},
  author = "Anil B. Somayaji",
  publisher = "University of New Mexico",
  month = "July",
  year = "2002"
}

@inproceedings{forrest2000syscalldelays,
  title = {{Automated Response Using System-call Delays}},
  author = "A. Somayaji and S. Forrest",
  booktitle = "Proceedings of the $9^{th}$ USENIX Security Symposium",
  month = "August",
  year = 2000
}

@article{hofmeyrforrest,
  title = {{Architecture for an Artificial Immune System}},
  author = "S. Hofmeyr and S. Forrest",
  journal = "Evolutionary Computation Journal",
  volume = 8,
  number = 4,
  pages = {443-473},
  year = 2000
}

@inproceedings{forrest1997nspw,
  title = {{Principles of a Computer Immune System}},
  author = "A. Somayaji and S. Hofmeyer and S. Forrest",
  booktitle = "Proceedings of the New Security Paradigms Workshop (NPSW)",
  pages = {75-82},
  year = 1998
}

@article{forrest1997cacm,
  author = {Stephanie Forrest and Steven A. Hofmeyr and Anil Somayaji},
  title = {{Computer Immunology}},
  year = 1997,
  volume = 40,
  number = 10,
  pages = {88-96},
  journal = {Communications of the ACM},
  publisher = {ACM}
}

@inproceedings{forrest1997hotos,
  author = "S. Forrest and A. Somayaji and D. Ackley",
  title = {{Building Diverse Computer Systems}},
  booktitle = "Proceedings of the $6^{th}$ Workshop on Hot Topics in Operating Systems",
  pages = {67-72},
  year = "1997"
}

@inproceedings{forrest1994virus,
  title = {{Self-nonself Discrimination in a Computer}},
  author = "S. Forrest and A.S. Perelson and L. Allen and R. Cherukuri",
  booktitle = "Proceedings of the 1994 IEEE Symposium on Research in Security and Privacy",
  publisher = "IEEE Computer Society Press",
  pages = {202-212},
  year = "1994"
}

@inproceedings{holland2004wassa,
 title = {{An Architecture a Day Keeps The Hacker Away}},
 author = "David A. Holland and Ada T. Lim and Margo I. Seltzer",
 booktitle = "Proceedings of the Workshop on Architectural Support for Security and Anti-Virus (WASSA)",
 city = "Boston",
 state = "MA",
 month = "October",
 year = "2004"
}

@article{stelios2005sigarch,
 title = {{Hardware Support For Self-healing Software Services}},
 author = "Stelios Sidiroglou and Michael E. Locasto and Angelos D. Keromytis",
 journal = "ACM SIGARCH Computer Architecture News",
 volume = "33",
 number = "1",
 pages = {42--47},
 city = "Boston",
 state = "MA",
 month = "March",
 year = "2005"
}

@inproceedings{stelios2004wassa,
 title = {{Hardware Support For Self-healing Software Services}},
 author = "Stelios Sidiroglou and Michael E. Locasto and Angelos D. Keromytis",
 booktitle = "Proceedings of the Workshop on Architectural Support for Security and Anti-Virus (WASSA)",
 pages = {42--47},
 city = "Boston",
 state = "MA",
 month = "October",
 year = "2004"
}

@inproceedings{stelios2005usenix,
 title = {{Building a Reactive Immune System for Software Services}},
 author = "Stelios Sidiroglou and Michael E. Locasto and Stephen W. Boyd and Angelos D. Keromytis",
 booktitle = "Proceedings of the USENIX Annual Technical Conference",
 pages={149--161},
 month = "April",
 year = "2005"
}

@inproceedings{evers1998bpred,
 title = {{An Analysis of Correlation and Predictability: What Makes Two-level Branch Predictors Work}},
 author = "Marius Evers and Sanjay J. Patel and Yale N. Patt",
 booktitle = "Proceedings of the $25^{th}$ International Symposium on Computer Architecture",
 month = "June",
 year = "1998"
}

@book{caaqa,
 title = {{Computer Architecture: A Quantitative Approach}},
 author = "John L. Hennessy and David A. Patterson",
 edition = "$3^{rd}$",
 publisher = "Morgan Kaufmann Publishers",
 year = "2003"
}

@inproceedings{kolesnikov2004blending,
  author = "Oleg Kolesnikov and Dave Dagon and Wenke Lee",
  title = {{Advanced Polymorphic Worms: Evading IDS by Blending in with Normal Traffic}},
  booktitle = "",
  month = "",
  year = "2004"
}

@inproceedings{pietraszk2004adaptive,
  author = "Tadeusz Pietraszek",
  title = {{Using Adaptive Alert Classification to Reduce False Positives in Intrusion Detection}},
  booktitle = "Proceedings of the $7^{th}$ International Symposium on Recent Advances in Intrusion Detection (RAID)",
  pages = {102--124},
  month = "September",
  year = "2004"
}

@inproceedings{kewang2004payl,
  author = "Ke Wang and Salvatore J. Stolfo",
  title = {{Anomalous Payload-based Network Intrusion Detection}},
  booktitle = "Proceedings of the $7^{th}$ International Symposium on Recent Advances in Intrusion Detection (RAID)",
  pages = {203--222},
  month = "September",
  year = "2004"
}

@inproceedings{pal2000tolerant,
  title = {{Intrusion Tolerant Systems}},
  author = "Partha Pal and Franklin Webber and Richard Schantz and Joseph P. Loyall",
  booktitle = "Proceedings of the ISW",
  year = "2000"
}

@inproceedings{pal2001defense,
  title = {{Survival by Defense-enabling}},
  author = "Partha Pal and Franklin Webber and Richard Schantz",
  booktitle = "Proceedings of the New Security Paradigms Workshop (NSPW)",
  pages = {71--78},
  month = "September",
  year = "2001"
}

@inproceedings{pointguard,
  title = {{PointGuard: Protecting Pointers From Buffer Overflow
  Vulnerabilities}},
  year = 2003,
  month = {August},
  author = {C. Cowan and S. Beattie and J. Johansen and P. Wagle},
  booktitle = {Proceedings of the 12th USENIX Security Symposium},
  pages = {91--104}
}

@inproceedings{addressrand2004,
  author = {H. Shacham and M. Page and B. Pfaff and E. Goh and N. Modadugu and Dan Boneh},
  title = {{On the Effectiveness of Address-space Randomization}},
  year = 2004,
  month = {October},
  booktitle = {Proceedings of the $11^{th}$ ACM Conference on Computer and Communications Security (CCS)},
  pages = {298--307}
}

@inproceedings{softwarediversity2004,
  author = {A. J. O'Donnell and H. Sethu},
  title = {{On Achieving Software Diversity for Improved Network Security using Distributed Coloring Algorithms}},
  year = 2004,
  month = {October},
  booktitle = {Proceedings of the $11^{th}$ ACM Conference on Computer and Communications Security (CCS)},
  pages = {121--131}
}

@article{bufferoverflow2004,
  author = {J. Pincus and B. Baker},
  title = {{Beyond Stack Smashing: Recent Advances in Exploiting
  Buffer Overflows}},
  year = 2004,
  month = {July/August},
  volume = 2,
  number = 4,
  pages = {20--27},
  journal = {IEEE Security \& Privacy}
}

@inproceedings{boyd2004acns,
  author = "Stephen Boyd and Angelos Keromytis",
  title = {{SQLrand: Preventing SQL Injection Attacks}},
  booktitle = "Proceedings of the $2^{nd}$ Applied Cryptography and Network Security (ACNS)",
  year = "2004",
  month = "June",
  pages = {292--302}
}

@inproceedings{ybranches,
 title = {{Y-Branches: When You Come to a Fork in the Road, Take It}},
 author = "Nicholas Wang and Michael Fertig and Sanjay J. Patel",
 booktitle = "Proceedings of the $12^{th}$ International Conference on Parallel Architectures and Compilation Techniques",
 month = "September",
 year = "2003"
}

@inproceedings{rinard2004osdi,
  title = {{Enhancing Server Availability and Security Through Failure-Oblivious Computing}},
  author = "M. Rinard and C. Cadar and D. Dumitran and D. Roy and T. Leu and W Beebee, Jr.",
  booktitle = "Proceedings $6^{th}$ Symposium on Operating Systems Design and Implementation (OSDI)",
  month = "December",
  year = "2004"
}

@inproceedings{rinard2004dynamicmemerr,
  title = {{A Dynamic Technique for Eliminating Buffer Overflow Vulnerabilities (and Other Memory Errors)}},
  author = "Martin Rinard and Cristian Cadar and Daniel Dumitran and Daniel Roy and Tudor Leu",
  booktitle = "Proceedings $20^{th}$ Annual Computer Security Applications Conference (ACSAC) 2004",
  month = "December",
  year = "2004"
}

@inproceedings{crashonly,
 title = {{Crash-only Software}},
 author = "George Candea and Armando Fox",
 booktitle = "Proceedings of the $9^{th}$ Workshop on Hot Topics in Operating Systems (HOTOS-IX)",
 month = "May",
 year = "2003"
}

@inproceedings{demsky2003oopsla,
  author = "Brian Demsky and Martin C. Rinard",
  title = {{Automatic Detection and Repair of Errors in Data Structures}},
  booktitle = "Proceedings of the $18^{th}$ Annual ACM SIGPLAN Conference on Object Oriented Programming, Systems, Languages, and Applications",
  month = "October",
  year = "2003"
}

@inproceedings{demsky2003sms,
  author = "Brian Demsky and Martin C. Rinard",
  title = {{Automatic Data Structure Repair for Self-healing Systems}},
  booktitle = "Proceedings of the $1^{st}$ Workshop on Algorithms and Architectures for Self-Managing Systems",
  month = "June",
  year = "2003"
}

@book{Java,
  title = "The Java Language Specification, Second Edition",
  author = "James Gosling and Bill Joy and Guy Steele and Gilad Bracha",
  year = "2000"
}

@inproceedings{rioadaptive,
  author = "Derek Bruening and Timothy Garnett and Saman Amarasinghe",
  title = "An Infrastructure for Adaptive Dynamic Optimization",
  booktitle = "Proceedings of the International Symposium on Code Generation and Optimization",
  pages = "265-275",
  year = "2003"
}

@inproceedings{propolice,
  author = "J. Etoh",
  title = {{GCC Extension for Protecting Applications From Stack-smashing Attacks}},
  booktitle = "\url{http://www.trl.ibm.com/projects/security/ssp}",
  month = "June",
  year = "2000"
}

@misc{cosak,
 author = "http://serg.cs.drexel.edu/cosak/index.shtml"
}

@inproceedings{wagner2000cert50,
  author = "D. Wagner and J. S. Foster and E. A. Brewer and A. Aiken",
  title = {{A First Step Towards Automated Detection of Buffer Overrun Vulnerabilities}},
  booktitle = "Proceedings of the ISOC Symposium on Network and Distributed System Security (NDSS)",
  pages = "3-17",
  month = "February",
  year = "2000"
}

@misc{rats,
    author = "RATS",
    howpublished = "\url{http://www.securesw.com/download_rats.htm}"
}

@misc{splint,
   author = "Splint",
   howpublished = "\url{http://www.splint.org}"
}

@inproceedings{devans2002splint,
   author = "David Evans and David Larochelle",
   title = {{Improving Security Using Extensible Lightweight Static Analysis}},
   booktitle = "IEEE Software",
   month = "January/February",
   year = "2002"
}

@misc{purify,
   author = "Purify",
   howpublished = "\url{http://www.rational.com/products/purify_unix/index.jtmpl}"
}
 
@misc{bochs,
  author = "Bochs",
  howpublished = "\url{http://bochs.sourceforge.net}",
  year = "2004"
}

@inproceedings{rio,
  title = {{On the Run -- Building Dynamic Program Modifiers for Optimization, Introspection, and Security}},
   author = "E. Duesterwald and S. P. Amarsinghe",
   booktitle = "Conference on Programming Language Design and Implementation (PLDI)",
   city = "Berlin",
   country = "Germany",
   year = "2002"
}

@inproceedings{barrantes2003randomized,
  author = "E. G. Barrantes and D. H. Ackley and S. Forrest and T. S. Palmer and D. Stefanovic and D. D. Zovi",
  title = {{Randomized Instruction Set Emulation to Distrupt Binary Code Injection Attacks}},
  booktitle = "Proceedings of the $10^{th}$ ACM Conference on Computer and Communications Security (CCS)",
  month = "October",
  year = "2003"
}

@inproceedings{gaurav2003,
  author = "Gaurav S. Kc and Angelos D. Keromytis and Vassilis Prevelakis",
  title = {{Countering Code-injection Attacks With Instruction-set Randomization}},
  booktitle = "Proceedings of the $10^{th}$ ACM Conference on Computer and Communications Security (CCS)",
  pages = {272--280},
  month = "October",
  year = "2003"
}

@inproceedings{saber,
  title = {{A Holistic Approach to Service Survivability}},
  author = "Angelos D. Keromytis and Janak Parekh and Philip N. Gross and Gail Kaiser and Vishal Misra and Jason Nieh and Dan Rubenstein and Sal Stolfo",
  booktitle = "Proceedings of the $1^{st}$ ACM Workshop on Survivable and Self-Regenerative Systems (SSRS)",
  pages = {11--22},
  month = "October",
  year = "2003"
}

@inproceedings{prasad2003binary,
 title = {{A Binary Rewriting Defense Against Stack-based Buffer Overflow Attacks}},
 author = "M. Prasad and T. Chiueh",
 booktitle = "Proceedings of the USENIX Annual Technical Conference",
 month = "June",
 year = "2003"
}

@inproceedings{wolf2000bend,
 title = {{Bend, Don't Break: Using Reconfiguration to Achieve Survivability}},
 author = "A. Wolf and D. Heimbigner and A. Carzaniga and J. Knight and P. Devenbu and M. Gertz",
 booktitle = "Proceedings of the $3^{rd}$ Information Survivability Workshop",
 pages = {187--190},
 month = "October",
 year = "2000"
}

@inproceedings{atighetchi2003apod,
 title = {{Adaptive Use of Network-centric Mechanisms in Cyber-defense}},
 authors = "Michael Atighetchi and Partha Pal and Franklin Webber and Christopher Jones",
 booktitle = "Proceedings of the 2nd IEEE International Symposium on Network Computing and Applications",
 month = "April",
 year = "2003"
}

@article{ghosh1999cacm,
 title = {{Innoculating Software for Survivability}},
 author = "Anup K. Ghosh and Jeffery M. Voas",
 journal = "Communications of the ACM",
 volume = "42",
 number = "7",
 year = "1999"
}

@inproceedings{bernaschi2000syscall,
 title = {{Operating System Enhancements to Prevent the Misuse of System Calls}},
 author = "M. Bernaschi and L. Mancini and E. Gabrielli",
 booktitle = "Proceedings of the 7th ACM Conference on Computer and Communications Security (CCS)",
 pages = {174},
 year = "2000" 
}

@inproceedings{xu2003trr,
 title = {{Transparent Runtime Randomization for Security}},
 author = "Jun Xu and Zbigniew Kalbarczyk and Ravishankar K. Iyer",
 booktitle = "Proceedings of the $22^{nd}$ International Symposium on Reliable Distributed Systems (SRDS)",
 year = "2003"
}

@inproceedings{barham2003xen,
  author = "P. Barham and B. Dragovic and K. Fraser and S. Hand and T. Harris and A. Ho and R. Neugebauer and I. Pratt and A. Warfield",
  title = {{Xen and the Art of Virtualization}},
  booktitle = "$19^{th}$ ACM Symposium on Operating Systems Principles (SOSP)",
  month = "October",
  year = "2003"
}

@inproceedings{lie2003untrusted,
  author = "David Lie and Chandramohan Thekkath and Mark Horowitz",
  title = {{Implementing an Untrusted Operating System on Trusted Hardware}},
  booktitle = "$19^{th}$ ACM Symposium on Operating Systems Principles (SOSP)",
  month = "October",
  year = "2003"
}

@inproceedings{stackguard,
  author = "C. Cowan and C. Pu and D. Maier and H. Hinton and J. Walpole and P. Bakke and S. Beattie and A. Grier and P. Wagle and Q. Zhang",
  title = {{Stackguard: Automatic Adaptive Detection and Prevention of Buffer-overflow Attacks}},
  booktitle = "Proceedings of the USENIX Security Symposium",
  year = "1998"
}

@inproceedings{garfinkel2003terra,
  author = "Tal Garfinkel and Ben Pfaff and Jim Chow and Mendel Rosenblum and Dan Boneh",
  title = {{Terra: A Virtual-Machine Based Platform for Trusted Computing}},
  booktitle = "$19^{th}$ ACM Symposium on Operating Systems Principles (SOSP)",
  month = "October",
  year = "2003"
}

@inproceedings{garfinkel2003trusted,
 title = {{Flexible OS Support and Applications for Trusted Computing}},
 author = "Tal Garfinkel and Mendel Rosenblum and Dan Boneh",
 booktitle = "Proceedings of the $9^{th}$ Workshop on Hot Topics in Operating Systems",
 pages = {145--150},
 month = "May",
 year = "2003"
}

@inproceedings{lie2003tamper,
  title = {{Specifying and Verifying Hardware for Tamper-resistant Software}},
  author = "D. Lie and J. Mitchell and C. Thekkath and M. Horwitz",
  booktitle = "Proceedings of the IEEE Symposium on Security and Privacy",
  year = "2003"
}

@inproceedings{lie2000asplos,
  title = {{Architectural Support for Copy and Tamper Resistant Software}},
  author = "D. Lie and C. Thekkath and M. Mitchell and P. Lincoln",
  booktitle = "Proceedings of the $9^{th}$ International Conference on Architectural Support for Programming Languages and Operating Systems (ASPLOS IX)",
  year = "2000"
}

@inproceedings{rlee2003enlisting,
 title = {{Enlisting Hardware Architecture to Thwart Malicious Code Injection}},
 author = "Ruby B. Lee and David K. Karig and John P. McGregor and Zhijie Shi",
 booktitle = "Proceedings of the International Conference on Security in Pervasive Computing (SPC-2003), Lecture Notes in Computer Science, Springer Verlag",
 month = "March",
 year = "2003"
}

@inproceedings{king2003backtrack,
  author = "Samuel T. King and Peter M. Chen",
  title = {{Backtracking Intrusions}},
  booktitle = "$19^{th}$ ACM Symposium on Operating Systems Principles (SOSP)",
  month = "October",
  year = "2003"
}

@inproceedings{garfinkel2003vmid,
  author = "Tal Garfinkel and Mendel Rosenblum",
  title = {{A Virtual Machine Introspection Based Architecture for Intrusion Detection}},
  booktitle = "$10^{th}$ ISOC Symposium on Network and Distributed Systems Security (SNDSS)",
  month = "February",
  year = "2003"
}

@inproceedings{haugh2003overflow,
  author = "Eric Haugh and Matt Bishop",
  title = {{Testing C Programs for Buffer Overflow Vulnerabilities}},
  booktitle = "$10^{th}$ ISOC Symposium on Network and Distributed Systems Security (SNDSS)",
  month = "February",
  year = "2003"
}

@inproceedings{kiriansky2002shepherding,
  author = "Vladimir Kiriansky and Derek Bruening and Saman Amarasinghe",
  title = {{Secure Execution Via Program Shepherding}},
  booktitle = "Proceedings of the $11^{th}$ USENIX Security Symposium",
  month = "August",
  year = "2002"
}

@inproceedings{libsafe,
   author = "A. Baratloo and Navjot Singh and Timothy Tsai",
   title = {{Transparent Run-time Defense Against Stack Smashing Attacks}},
   booktitle = "Proceedings of the USENIX Annual Technical Conference",
   month = "June",
   year = "2000"
}

@inproceedings{stelios2003worm,
  author = "Stelios Sidiroglou and Angelos D. Keromytis",
  title = {{A Network Worm Vaccine Architecture}},
  booktitle = "Proceedings of the IEEE International Workshops on Enabling Technologies: Infrastructure for Collaborative Enterprises (WETICE), Workshop on Enterprise Security",
  pages = "220-225",
  month = "June",
  city = "Linz",
  country = "Austria",
  year = "2003"
}

@inproceedings{scandariato2004worm,
  author = "Riccardo Scandariato and John C. Knight",
  title = {{An Automated Defense System to Counter Internet Worms}},
  booktitle = "Proceedings of the International Conference on Dependable Systems and Networks (DSN)",
  year = "2004"
}

@inproceedings{internetquarantine,
  title = {{Internet Quarantine: Requirements for Containing Self-propagating Code}},
  author = {D. Moore and C. Shannon and G. Voelker and S. Savage},
  year = 2003,
  month = {April},
  booktitle = {Proceedings of the IEEE Infocom Conference}
}

@inproceedings{anagnostakis2003immunization,
  author = "Kostas Anagnostakis and Michael B. Greenwald and Sotiris Ioannidis and Angelos D. Keromytis and Dekai Li.",
  title = {{A Cooperative Immunization System for an Untrusting Internet}},
  booktitle = "Proceedings of the $11^{th}$ IEEE International Conference on Networks (ICON)",
  pages ="403-408",
  month = "October",
  year = "2003", 
  city = "Sydney",
  country = "Australia"
}

@inproceedings{valgrind,
  author = "Nicholas Nethercote and Julian Seward",
  title = {{Valgrind: A Program Supervision Framework}},
  booktitle = "Electronic Notes in Theoretical Computer Science",
  volume = "89",
  year = "2003"
}

@inproceedings{vmm02iwcw,
  author = "Amr Awadallah and Mendel Rosenblum",
  title = {{The vMatrix: A Network of Virtual Machine Monitors for Dynamic Content Distribution}},
  booktitle = "Proceedings of the 2002 IWIC",
  year = "2002"
}

@inproceedings{dunlap2002revirt,
  author = "G. W. Dunlap and S. King and S. Cinar and M. A. Basrai and P. M. Chen",
  title = {{ReVirt: Enabling Intrusion Analysis Through Virtual-Machine Logging and Replay}},
  booktitle = "Proceedings of the 2002 Symposium on Operating Systems Design and Implementation (OSDI)",
  month = "February",
  year = "2002"
}

@inproceedings{king2003covirt,
  author = "Samuel T. King and George Dunlap and Peter Chen",
  title = {{Operating System Support for Virtual Machines}},
  booktitle = "Proceedings of the General Track: USENIX Annual Technical Conference",
  month = "June",
  year = "2003"
}

@inproceedings{addressobfuscation,
  title = {{Address Obfuscation: an Efficient Approach to Combat a Broad Range of Memory Error Exploits}},
  year = 2003,
  month = {August},
  booktitle = {Proceedings of the $12^{th}$ USENIX Security Symposium},
  pages = {105--120},
  author = {S. Bhatkar and D. C. DuVarney and R. Sekar}
}

@techreport{locasto2004dnad,
 author = "Michael Locasto and Janak J. Parekh and Sal Stolfo and Angelos D. Keromytis and Tal Malkin and Vishal Misra",
 title = {{Collaborative Distributed Intrusion Detection}},
 number = {CUCS-012-04},
 institution = {Department of Computer Science, Columbia University},
 year = "2004"
}

@inproceedings{locasto2004camouflagefs,
 title = {{CamouflageFS: Increasing the Effective Key Length in Cryptographic Filesystems on the Cheap}},
 author = "Michael E. Locasto and Angelos D. Keromytis",
 booktitle = "Proceedings of the $2^{nd}$ Applied Cryptography and Network Security Conference (ACNS)",
 pages = {1--15},
 month = "June",
 year = "2004"
}

@article{hulme2003webedu,
 author={Michael Hulme and Michael Locasto},
 title = {Using the Web to Enhance and Transform Education},
 journal = {ACM Crossroads},
 volume = {10},
 number = {1},
 year = {2003},
 pages = {xx-yy},
 publisher = {ACM}
}

@article{locasto2002clay,
 author = {Michael Locasto and Michael Hulme and Ryan Gladysiweicz and Justin Tracy and Ursula Wolz},
 title = {{Clay: Synchronous Collaborative Interactive Environment}},
 journal = {The Journal of Computing in Small Colleges},
 volume = {17},
 number = {6},
 year = {2002}, 
 pages = {278--281},
 publisher = {The Consortium for Computing in Small Colleges}
}

@inproceedings{audick2001JDBAssist,
 author = {Alan Audick and Michael E. Locasto and David Pike},
 title = {{JDBAssist: Generating JavaBeans and Supporting 3-tier Enterprise Applications}},
 journal = {The Journal of Computing in Small Collegs},
 year = {2001},
 pages = {335--337},
 location = {Middlebury, Vermont, United States},
 publisher = {The Consortium for Computing in Small Colleges}
}

@inproceedings{sal2001pad,
  author = "Eleazar Eskin and Wenke Lee and Salvatore J. Stolfo",
  title = {{Modeling System Calls for Intrusion Detection with Dynamic Window Sizes}},
  booktitle = "Proceedings of DARPA Information Survivabilty Conference and Exposition II (DISCEX II)",
  month = "June",
  year = "2001"
}

@inproceedings{XXX,
  author = "Anonymous Unknown",
  title = {{Unknown.}},
  booktitle = "Proceedings of the $1^{st}$ Unknown Conference (UKN)",
  pages = {0--1},
  month = "January",
  year = "0000"
}

@inproceedings{BLINDED.techreport,
  author = "Anonymous",
  title = "Blinded",
  booktitle = "Technical Report",
  year = "2007"
}
